1429 2428
685 142 721 178 X
1274 153 1297 187 9

112 239 216 266 nunc
243 226 434 265 damnum
463 223 628 263 alterius.
687 235 777 261 nam
815 234 914 272 quae
953 228 1133 260 cantante
1166 222 1297 270 volup-

216 298 289 337 tas,
1223 298 1296 322 210

111 355 159 394 sit
187 355 277 393 licet
305 351 478 399 eximius,
508 351 747 397 citharoedo,
777 349 872 388 sitve
901 349 1086 388 Seleucus

111 426 150 457 et
176 417 317 467 quibus
344 424 477 455 aurata
505 428 590 454 mos
619 422 676 453 est
705 415 850 464 fulgere
879 414 1056 450 lacerna?

110 481 206 531 quid
235 483 359 528 refert,
391 480 521 531 magni
550 480 684 519 sedeat
712 491 790 528 qua
818 485 926 527 parte
955 476 1106 524 theatri,

110 545 178 596 qui
205 545 267 584 vix
298 545 516 584 cornicines
545 544 724 584 exaudiet
752 550 870 592 atque
899 543 1079 581 tubarum

110 611 350 648 concentus?
377 610 547 648 clamore
567 622 666 658 opus
695 616 761 655 est,
794 615 836 645 ut
865 607 1006 646 sentiat
1034 606 1148 653 auris,
1200 618 1292 657 '215

110 685 227 722 quem
257 672 360 711 dicat
386 673 537 712 venisse
566 685 673 722 puer,
703 679 799 721 quot
828 671 981 710 nuntiet
1010 672 1133 710 horas.

112 744 309 785 praeterea
336 735 520 774 minimus
547 736 680 786 gelido
708 735 786 774 iam
816 734 855 772 in
884 748 1047 800 corpore
1076 734 1231 784 sanguis

110 801 214 840 febre
241 802 342 840 calet
370 803 464 849 sola,
493 801 718 840 circumsilit
732 800 903 852 &agmine
930 801 1059 849 fsscto)

110 866 333 904 morborum
361 878 480 904 omne
510 878 644 915 genus,
675 878 840 915 quorum
870 864 901 902 si
930 864 1091 903 nomina
1119 877 1292 914 quaeras,

109 930 324 980 promptius
374 930 589 980 expediam,
631 937 728 980 quot
776 928 962 984 amaverit
1012 929 1143 979 Oppia
1191 941 1295 967 moe-

213 994 322 1042 chos,
1218 1006 1294 1030 220

108 1064 205 1106 quot
232 1057 448 1097 Themison
476 1071 611 1108 aegros
639 1065 831 1097 autumno
860 1057 1048 1096 occiderit
1076 1069 1168 1104 uno,

108 1128 204 1170 quot
233 1121 384 1160 Basilus
414 1121 680 1171 socios‚·quot
709 1121 1047 1171 circumscripserit
1077 1121 1216 1159 Hirrus

107 1184 288 1236 pupillos,
398 1216 407 1225 .
519 1215 528 1224 .
640 1215 648 1224 .
756 1215 764 1224 .
878 1216 886 1224 .
997 1215 1005 1223 .
1217 1198 1290 1234 223

108 1260 330 1299 percurram
359 1249 484 1298 citius,
515 1257 611 1299 quot
639 1249 749 1288 villas
778 1249 978 1299 possideat
1007 1262 1124 1296 nunc,
1217 1263 1262 1287 22
1269 1261 1289 1298 5

95 1302 422 1367 (qun-tondente)
434 1314 559 1364 gravis
587 1313 717 1352 iuveni
746 1314 840 1352 mihi
869 1315 990 1352 barba
1017 1316 1209 1353 sonabat„
1262 1317 1271 1331 ⁷
1311 1322 1313 1327 ’

107 1377 173 1416 ille
200 1389 347 1427 umero,
377 1377 441 1416 hic
469 1378 622 1425 lumbis,
652 1378 716 1417 hic
744 1391 842 1417 coxa
870 1378 1009 1417 debilis
1019 1393 1029 1426 3
1057 1379 1194 1418 ambos

107 1440 278 1490 perdidit
305 1441 370 1480 ille
399 1443 534 1480 oculos
563 1450 602 1481 et
629 1442 746 1480 luscis
775 1441 934 1490 invidet,
965 1442 1078 1481 huius

106 1504 253 1556 pallida
279 1506 387 1544 labra
415 1505 547 1544 cibum
576 1505 771 1556 accipiunt
800 1505 930 1556 digitis
958 1506 1105 1554 alienis,

107 1567 190 1618 ipse
217 1569 268 1607 ad
297 1576 552 1619 conspectum
580 1582 700 1608 cenae
729 1569 915 1608 diducere
942 1568 1082 1607 rictum
1216 1582 1291 1618 230

107 1639 240 1671 suetus
268 1632 350 1671 hiat
377 1640 541 1680 tantum,
571 1646 644 1672 ceu
672 1634 799 1683 pullus
827 1633 1055 1680 hirundinis,
1085 1633 1135 1671 ad
1163 1646 1280 1683 quem

106 1707 173 1734 ore
200 1696 305 1734 volat
331 1696 450 1745 pleno
478 1703 601 1734 mater
628 1685 898 1739 ieiuna->Ksed
927 1695 1034 1733 omni

106 1760 369 1799 membrorum
397 1760 544 1799 damno
573 1759 696 1798 maior
723 1759 932 1806 dementia,
962 1771 1063 1808 quae
1090 1771 1164 1797 nec

105 1824 266 1863 nomina
293 1837 490 1863 servorum
519 1837 592 1863 nec
619 1825 770 1863 vultum
799 1822 975 1874 agnoscit
1003 1822 1129 1870 amici,

104 1901 195 1926 cum
223 1901 302 1938 quo
329 1888 534 1938 praeterita
561 1888 715 1927 cenavit
743 1896 869 1936 nocte,
903 1900 976 1926 nec
1004 1887 1101 1934 illos,
1213 1898 1284 1936 235

169 1999 228 2022 211
253 1989 441 2022 citharoedo
456 1990 524 2022 sive
541 1989 677 2022 Seleuco
693 1990 746 2021 P:
767 1989 971 2021 citharoedus
983 1995 1056 2030 poa:
1077 1989 1159 2021 sitve
1176 1989 1285 2022 Seleu-

104 2050 160 2073 cus
183 2053 207 2073 ω
225 2040 230 2083 Ι
252 2052 313 2081 ²14
334 2042 536 2074 cornichines
551 2041 629 2082 PS}
651 2051 710 2081 217
738 2041 853 2072 iamin
870 2042 949 2072 1³5:
971 2042 1035 2072 iam
1053 2053 1076 2072 ω
1094 2040 1098 2082 l
1120 2051 1285 2081 220—225

103 2094 192 2136 quod
213 2095 268 2137 Pl
288 2105 346 2135 231
371 2100 404 2127 at
419 2095 472 2126 I’:
495 2095 536 2126 ad
551 2100 602 2135 pm
622 2093 627 2135 Ι
646 2103 706 2135 232
731 2093 884 2126 materiae
901 2093 976 2125 luna
990 2094 1040 2125 P:
1063 2098 1165 2125 mater
1180 2093 1286 2125 ieiuna

97 2151 151 2189 pm
