1414 2402
485 151 523 188 x
580 149 771 186 328-332
1153 160 1223 197 107

102 239 160 268 828
181 243 222 268 sn
243 242 473 267 concussam:
498 234 586 266 Flor.
610 242 621 265 1
640 242 767 275 35:111
789 244 800 265 1
820 245 869 276 pr.
887 244 951 265 non
967 234 1078 266 leviter
1095 245 1134 266 se
1154 235 1226 266 Nu-

40 279 139 310 midia
164 278 375 310 concussit.

103 329 247 353 ›mul-:R
269 326 331 352 cet·
378 329 435 360 321
454 330 487 351 n.

100 367 159 403 ³²9
181 365 264 395 Aen.
282 371 305 394 v
323 371 339 403 5
356 361 376 393 6
401 363 479 392 duri
501 372 616 403 magno
638 362 693 392 sed
711 372 818 393 autore
841 362 958 393 dolores
978 360 983 403 Ι
998 362 1130 403 polluto,
1162 372 1223 393 no-

37 410 200 447 tumque
222 406 356 437 furens
379 405 470 446 quid
494 404 639 436 semina
662 405 795 445 possit.

99 456 278 480 s'riMULos
311 448 389 478 Luc.
418 455 443 478 11
470 457 529 487 ²34
557 448 699 478 irarum
728 447 826 477 movit
851 446 1047 478 stimulos.
1093 447 1162 478 Cic.
1190 457 1221 488 p.

38 491 209 529 Sest.§12
232 501 307 532 quos
322 490 500 521 stimulos
523 489 738 520 admoverit
761 490 894 520 lwmim'.

100 537 159 565 830
181 541 412 564 SUADENDUM
437 532 543 564 theme
560 532 627 563 osa
642 532 786 562 suasoria
804 539 815 563 1
838 530 874 563 16
892 542 922 562 n.

101 583 164 607 cm
187 577 223 612 ei,
245 576 305 607 cui.

103 625 251 649 Νυκεκε
277 618 347 658 338.

99 668 269 692 masmus
293 667 393 691 uxoa
417 670 488 700 533.
532 667 570 690 v1
592 668 755 699 115—135
779 660 894 699 respice
918 660 1036 690 rivales
1057 660 1219 697 divorum,

37 703 223 734 Claudius
238 703 318 734 audi
334 702 339 743 Ι
359 713 439 744 quae
453 703 571 733 tulerit.
609 703 748 733 dormire
762 703 871 732 virum
888 713 959 732 cnm
975 707 1113 733 senserat
1128 713 1223 733 uxor

36 751 96 777 cet.
144 745 216 777 The
242 746 399 786 marriage
425 745 461 776 of
483 746 574 782 (Sen.
591 745 716 786 apocol.
742 755 776 785 13
802 746 865 784 §.0
897 746 936 776 C.
964 745 1086 776 Silius
1113 746 1226 775 consul

35 788 219 829 designatus
234 788 311 819 with
330 788 504 819 Messalina
519 788 582 818 and
600 788 681 818 their
697 788 811 818 deaths
827 788 859 818 in
878 788 956 818 Tac.
974 795 1012 818 XI
1033 797 1067 818 12
1089 795 1164 818 A.D.
1182 796 1221 827 47

38 841 117 862 novo
130 835 159 861 et
162 831 277 872 furori
290 831 442 871 proximo
457 840 563 861 amore
577 830 800 860 distinebatur.
845 840 923 860 nam
947 831 982 860 in
1006 830 1044 861 C.
1067 830 1221 866 Silium,

39 873 254 904 iuventutis
298 873 494 904 Romanae
534 872 851 913 pulcherrimum,
890 873 936 903 ila
972 877 1145 909 exarserat,
1184 877 1223 902 ut

36 916 174 947 Iuniam
197 916 347 946 Silanam
371 916 503 946 nobilem
521 915 684 956 feminam
713 916 914 945 matrimonio
945 916 1012 945 eius
1036 915 1222 946 exturbaret

39 968 196 999 vacuoque
215 959 360 989 adultero
378 962 546 998 poteretur.
592 968 688 998 neque
708 958 811 988 Silius
823 957 950 998 flagitii
969 962 1030 988 aut
1051 958 1221 998 periculi

37 1001 158 1031 nescius
171 1005 260 1031 erat:
284 1001 338 1031 sed
355 1006 473 1036 certo,
495 1001 527 1031 si
553 1000 753 1036 abnueret,
780 1001 901 1031 exitio
927 1005 957 1031 et
972 1001 1132 1030 nonnulla
1148 1000 1220 1040 sal-

39 1043 126 1074 lendi
138 1048 203 1084 spe,
220 1043 322 1074 simul
334 1043 463 1084 magnis
478 1043 645 1083 praemiis,
668 1043 807 1083 opperiri
818 1041 944 1083 futura
959 1047 988 1073 et
1001 1043 1222 1083 praesentibus

26 1085 112 1127 frui
132 1092 195 1126 pro
216 1086 328 1116 solacio
356 1086 494 1116 habebat.
539 1086 597 1116 illa
626 1095 691 1116 non
707 1085 844 1125 furtim,
871 1085 924 1115 sed
948 1085 1047 1116 mullo
1069 1086 1221 1116 comitatu

37 1128 192 1159 ventitare
217 1129 357 1164 domum,
383 1128 550 1168 egressibus
571 1128 794 1165 adhaerescere,
824 1128 944 1169 largiri
967 1133 1044 1167 opes,
1077 1128 1216 1165 honores,

29 1175 197 1212 postremo,
215 1171 323 1202 velut
343 1171 534 1201 translata
555 1170 628 1201 iam
650 1170 817 1205 fortuna,
834 1170 935 1201 servi
953 1170 1090 1201 liberti
1113 1180 1219 1211 para-

36 1218 95 1244 tus
115 1213 306 1254 principis
326 1213 427 1254 apud
448 1213 666 1244 adulterum
688 1213 925 1243 visebantur.
971 1213 1014 1243 ib.
1034 1212 1072 1244 26
1088 1220 1160 1243 A.1).
1178 1213 1218 1252 48

34 1256 101 1286 iam
134 1256 311 1286 Alsessalina
400 1256 446 1286 ad
468 1256 644 1296 incognitas
670 1256 813 1286 libidines
835 1255 1023 1296 profluebat,
1062 1265 1134 1285 cum
1166 1255 1219 1285 ab·

35 1298 147 1339 rumpi
165 1298 453 1329 dissimulationem
468 1298 562 1329 etiam
578 1298 692 1333 Silius,
708 1298 774 1328 sive
783 1298 890 1338 fatali
903 1298 1067 1328 vaecordia
1087 1308 1132 1328 an
1157 1298 1219 1328 im-

34 1341 263 1372 minentium
285 1341 546 1381 periculorum
569 1341 777 1371 remedium
800 1341 883 1381 ipsa
906 1341 1082 1381 pericula
1103 1346 1218 1376 ratus,

34 1383 208 1424 urguebat:
232 1384 348 1425 quippe
361 1393 426 1414 non
441 1394 473 1414 eo
494 1387 624 1413 ventum
641 1387 679 1413 ut
691 1387 842 1413 senectam
858 1383 1020 1423 principis
1041 1383 1218 1423 opperiren-

34 1430 94 1456 tur
161 1426 298 1467 segniter
311 1426 370 1456 lzac
383 1436 466 1456 voces
480 1430 663 1466 acceptae
682 1436 820 1456 nomen
837 1431 963 1456 tamen
979 1425 1219 1456 matrimonii

34 1469 259 1509 concupivit
281 1469 315 1499 ob
330 1468 584 1509 magnitudinem
605 1467 763 1509 infamiae
833 1473 973 1499 cuncta
998 1468 1219 1509 nuptiarum

33 1510 243 1542 sollemnia
265 1511 451 1542 celebrat.
475 1516 534 1541 sat.
560 1518 624 1541 XIV
642 1520 797 1552 329—31.
968 1545 972 1549 ,

97 1557 155 1584 331
177 1561 337 1585 οΡτιΜυε
361 1553 415 1584 the
438 1563 499 1584 one
522 1554 670 1594 example
693 1554 726 1584 in
743 1554 811 1584 Iuv.
839 1552 877 1584 of
895 1553 950 1584 the
971 1553 1033 1584 2nd
1053 1552 1121 1584 soot
1142 1563 1218 1584 con-

34 1595 143 1627 tained
165 1596 199 1627 in
221 1606 283 1628 one
305 1596 444 1636 dactylic
466 1596 555 1626 word
579 1596 616 1626 L.
643 1595 762 1626 Miiller
783 1596 824 1627 de
847 1606 880 1627 re
902 1601 995 1626 metr.
1019 1594 1091 1626 216.
1138 1595 1168 1626 It
1193 1595 1219 1626 is

34 1638 133 1669 found
147 1639 180 1669 in
197 1638 351 1676 Catullus,
378 1639 474 1674 Cato,
499 1638 596 1679 Verg.
626 1639 723 1679 Prop.
747 1638 811 1669 and
835 1638 960 1669 ostener
983 1638 1015 1668 in
1034 1638 1117 1668 Hor.
1164 1637 1218 1669 On

34 1681 89 1712 the
103 1681 266 1712 character
281 1681 317 1712 os
330 1681 427 1712 Silius
445 1680 568 1712 DCass.
587 1688 633 1711 Lx
650 1691 685 1721 3¹
705 1682 721 1718 ἓ
739 1690 755 1720 7
773 1682 851 1720 ἀνὴρ
874 1681 1018 1719 ἁγαθός
1040 1680 1205 1716 ἐνομίζετο.

97 1730 385 1755 FORMOSlssmus
429 1723 508 1754 Tac.
537 1730 575 1754 xl
608 1724 647 1754 28
677 1723 821 1754 iuvenem
853 1723 986 1753 nobilem
1019 1723 1218 1762 dignitate

35 1765 188 1804 formae,
207 1767 243 1797 vi
260 1766 377 1797 mentis
397 1776 434 1797 ac
449 1766 632 1808 propinquo
651 1766 819 1796 consulatu
843 1765 996 1796 maiorem
1012 1765 1058 1795 aa'
1068 1770 1152 1806 spem
1168 1775 1217 1796 ac-

34 1818 86 1839 cm
125 1831 132 1838 .

83 1819 154 1882 {⁷32
176 1858 308 1882 GENTIS
330 1858 524 1882 PATRICIAE
547 1851 619 1882 Liv.
635 1858 660 1882 x
678 1851 697 1881 8
712 1851 729 1888 ἓ
745 1859 764 1891 9
786 1855 908 1891 semper
930 1850 992 1880 ista
1009 1850 1123 1880 audita
1141 1855 1219 1880 sunt

34 1917 42 1924 .
60 1915 70 1923 .
87 1914 96 1924 .
113 1915 121 1923 .
137 1904 192 1924 vos
211 1894 288 1924 solos
309 1899 461 1935 gentem
484 1894 604 1925 habere.
652 1893 768 1924 Hence
791 1903 839 1924 we
863 1893 929 1923 find
953 1892 1002 1923 sor
1028 1892 1217 1933 ‘patrician’

33 1936 89 1966 vir
97 1936 257 1976 patriciae
271 1937 377 1977 gentis
396 1936 480 1975 (Liv.
503 1943 546 1967 111
563 1945 600 1976 ²7
619 1936 636 1972 ἓ
657 1937 697 1974 ι),
721 1946 741 1966 a
756 1935 851 1966 mode
867 1934 904 1966 of
919 1936 1105 1975 expression
1121 1945 1218 1966 never

35 1978 114 2010 used
138 1977 176 2009 of
193 1988 213 2009 a
235 1978 394 2020 plebeian.
438 1979 515 2009 And
536 1978 585 2009 sor
609 1978 786 2019 ‘patrician
809 1976 919 2008 order’
938 1978 1096 2017 patriciae
1112 1982 1217 2017 gentes

35 2021 121 2058 (Liv.
137 2027 163 2052 x
182 2029 217 2060 15
233 2023 250 2059 5
265 2020 308 2063 9),
333 2021 392 2052 but
412 2031 511 2052 never
525 2021 665 2062 plebeiae
678 2025 798 2062 gentes.
841 2020 914 2051 The
930 2019 1032 2051 father
1047 2020 1083 2051 of
1101 2020 1135 2052 S.
1152 2030 1217 2050 was

35 2063 268 2104 distinguished
294 2064 337 2103 by
360 2063 508 2094 victories
531 2074 608 2094 over
629 2064 683 2094 the
707 2062 809 2094 Gauls
834 2063 898 2093 and
921 2063 1040 2104 Belgae
1061 2062 1152 2102 (Tac.
1173 2070 1214 2093 111

35 2115 150 2146 42—3.
175 2104 290 2146 45—6.
313 2112 354 2137 Ν
374 2105 433 2144 18),
453 2105 510 2136 but
527 2106 580 2137 the
597 2106 668 2137 Silii
684 2115 767 2136 were
782 2104 958 2146 plebeians.

98 2155 258 2180 mmmm
275 2147 430 2180 Heinsius
443 2158 484 2179 on
503 2148 566 2180 Ov.
582 2158 625 2179 m.
647 2155 684 2179 ιν
700 2147 773 2190 694.
