1444 2413
117 141 134 165 2
683 128 721 165 X

114 216 250 255 clausit
278 223 316 255 et
345 215 513 266 egregias
543 217 820 254 Lateranorum
850 215 1002 255 obsidet
1030 217 1146 256 aedes

114 288 195 320 tota
223 281 387 319 cohors:
417 293 522 318 rarus
550 279 655 318 venit
683 279 722 317 in
752 281 936 318 cenacula
965 279 1085 318 miles.

112 358 237 395 pauca
264 345 354 384 licet
382 351 511 394 portes
540 343 688 393 argenti
716 344 872 381 vascula
900 343 1022 394 purif

113 417 228 449 nocte
255 409 326 448 iter
353 409 546 458 ingressus
575 407 745 458 gladium
774 416 1013 458 contumque
1040 407 1194 447 timebis
1246 422 1294 447 20

113 481 150 513 et
179 480 308 512 motae
337 473 387 510 ad
414 473 547 509 lunam
577 470 788 520 trepidabis
816 471 1041 510 harundinis
1070 473 1250 512 umbras:

112 537 282 576 cantabit
309 549 454 575 vacuus
482 549 613 574 coram
641 537 788 574 latrone
817 536 948 575 viator.

110 603 235 652 prima
262 603 339 639 fere
366 607 457 638 vota
485 607 522 638 et
550 599 699 638 cunctis
728 599 930 638 notissima
957 600 1110 650 templis

111 665 277 712 divitiae,
307 671 480 702 crescant
509 671 550 702 ut
579 677 685 713 opeS‚
716 670 758 702 ut
786 663 955 702 maxima
982 672 1067 704 toto

110 737 241 767 nostra
268 728 315 766 sit
342 741 430 766 arca
458 729 555 766 foro.
609 729 678 766 sed
706 729 813 766 nulla
841 728 995 767 aconita
1022 730 1207 769 bibuntur
1245 743 1289 780 25

110 793 316 839 fictilibus3
346 799 439 830 tunc
468 791 531 829 illa
558 791 663 838 time,
695 804 785 829 cum
814 792 957 840 pocula
985 805 1113 831 sumes

110 864 303 908 gemmata
331 863 368 894 et
397 857 475 893 lato
505 855 679 894 Setinum
708 855 857 894 ardebit
885 856 925 894 in
954 868 1091 903 auer

110 923 238 960 iamne
266 921 379 970 igitur
406 920 552 966 laudas,
583 920 690 968 quod
718 919 769 957 de
797 918 1034 968 sapientibus
1063 920 1157 958 alter

109 986 269 1032 ridebat,
300 983 479 1034 quotiens
508 984 558 1022 de
585 982 718 1021 limine
745 990 918 1021 moverat
946 996 1067 1021 unum

108 1051 394 1100 protuleratque
421 1048 574 1096 pedem,
603 1047 721 1085 flebat
749 1046 962 1084 contrarius
990 1047 1153 1085 auctor?
1242 1059 1292 1095 30

109 1115 177 1153 sed
206 1113 327 1152 facilis
355 1112 476 1150 cuivis
504 1110 615 1161 rigidi
643 1124 805 1150 censura
833 1110 1035 1150 cachinni:

108 1177 327 1215 mirandum
355 1183 423 1222 est,
454 1175 558 1213 unde
587 1174 651 1213 ille
679 1173 799 1212 oculis
829 1173 1020 1212 suffecerit
1047 1186 1168 1225 umor.

108 1248 295 1292 perpetuo
323 1240 399 1278 risu
427 1240 652 1288 pulmonem
681 1237 823 1287 agitare
851 1237 999 1276 solebat

110 1305 366 1351 Democritus,
398 1316 634 1353 quamquam
661 1315 743 1340 non
772 1309 899 1340 essent
927 1301 1085 1340 urbibus
1113 1300 1186 1340 illis

108 1376 304 1420 praetexta
332 1375 370 1406 et
398 1368 553 1405 trabeae
582 1368 703 1404 fasces
731 1366 871 1404 lectica
898 1365 1075 1404 tribunal.
1239 1376 1286 1414 35

109 1434 212 1484 quid,
244 1433 275 1472 si
302 1432 459 1471 vidisset
486 1438 703 1480 praetorem
732 1430 906 1468 curribus
933 1429 1020 1467 altis
1242 1426 1245 1428 ’

109 1505 325 1537 exstantem
353 1503 392 1534 et
420 1494 539 1534 medii
567 1494 773 1533 sublimem
797 1483 959 1543 *pulvere
987 1492 1078 1532 circi

108 1562 146 1600 in
175 1560 304 1600 tunica
332 1558 434 1597 Iovis
463 1565 502 1596 et
529 1557 656 1607 pictae
684 1570 837 1595 sarrana
865 1558 1050 1596 ferentem
1100 1603 1103 1605 ‚

108 1640 155 1665 ex
183 1623 323 1663 umeris
351 1624 486 1661 aulaea
512 1629 626 1672 togae
654 1633 897 1671 magnaeque
925 1632 1094 1659 coronae

107 1697 257 1728 tantum
285 1689 429 1736 orbem,
460 1695 605 1737 quanto
634 1688 762 1726 cervix
790 1700 870 1725 non
898 1685 1038 1724 sufficit
1065 1686 1172 1724 ulla?
1237 1699 1286 1733 40

107 1754 251 1804 quippe
277 1760 383 1791 tenet
411 1752 554 1790 sudans
582 1752 684 1789 hanc
710 1750 890 1801 publicus
918 1757 967 1797 et,
999 1749 1070 1788 sibi
1100 1749 1235 1788 consul

106 1831 155 1857 ne
183 1819 345 1867 placeat,
375 1829 487 1854 curru
514 1828 645 1854 servus
672 1822 845 1864 portatur
872 1814 1025 1854 eodem.

106 1881 157 1918 da
183 1893 289 1917 nunc
317 1886 354 1917 et
382 1880 589 1924 volucrem,
619 1884 771 1926 sceptro
799 1889 899 1926 quae
927 1875 1045 1925 surgit
1073 1875 1232 1924 eburno,

105 1943 210 1981 illinc
238 1941 466 1986 cornicines,
495 1940 588 1978 hinc
614 1938 887 1989 praecedentia
913 1938 1019 1988 longi

169 2085 209 2117 29
241 2075 282 2106 de
300 2075 350 2105 P:
383 2085 402 2105 a
429 2085 453 2104 ω
472 2072 476 2114 Ι
498 2083 538 2113 30
561 2077 673 2104 auctor
687 2073 741 2102 P:
766 2071 846 2103 alter
870 2082 894 2102 ω
913 2069 918 2112 Ι
938 2079 974 2112 31
1001 2070 1091 2102 cuius
1114 2070 1165 2103 P:
1187 2069 1287 2102 cuivis

103 2136 150 2172 pm
170 2129 175 2171 1
194 2140 211 2171 3
217 2138 233 2170 5
251 2129 387 2160 *rabeae
402 2129 435 2159 P
453 2126 457 2169 Ι
479 2136 516 2167 37
535 2126 695 2158 sublimen
711 2125 870 2167 PJalzn:
893 2124 1065 2157 sublimem
1082 2135 1105 2154 ω
