1444 2413
1183 0 1198 36 ¹.-
1207 8 1286 40 slq'g‘
1298 18 1307 33 1
1318 18 1333 30 μ
1345 7 1370 32 t*
1385 0 1406 48 ΙΙ

139 144 162 176 4
708 128 744 165 X

136 219 157 235 ⁴⁶
175 215 240 252 Nil
270 215 430 252 horum:
464 214 626 251 verbosa
656 220 692 250 et
719 209 873 260 grandis
903 209 1065 260 epistula
1092 209 1196 248 venit
1224 202 1283 222 f

133 291 158 315 a
173 277 366 327 Capreis.''
409 278 533 315 ‘Bene
554 277 691 323 habet;
713 275 766 313 nil
785 275 872 324 plus
893 274 1110 323 interrogo!
1132 274 1202 312 sed
1222 272 1320 322 quid

134 344 246 379 turba
274 341 419 379 Remi?
447 340 617 390 sequitur
645 341 837 377 fortunam
866 346 907 376 ut
936 351 1087 388 semper
1115 346 1153 376 et
1181 338 1263 376 odit

67 401 76 414 ‘¹
106 407 348 458 ,damnatos
406 405 510 443 idem
539 405 715 454 populus,
747 403 777 441 si
807 403 944 441 Nortia
972 395 1104 440 Tusco

134 471 299 518 favisset,
330 469 360 508 si
389 482 572 519 oppressa
600 470 696 507 foret
724 481 859 506 secura
886 475 1066 506 senectus
1275 477 1320 516 75

136 535 330 585 principis,
361 535 434 572 hae
463 534 546 584 ipsa
574 534 756 573 Seianum
786 533 930 571 diceret
959 533 1053 570 hora

136 603 367 650 Augustum.
424 599 502 636 iam
531 598 695 648 pridem,
726 611 772 636 ex
801 610 880 646 quo
910 597 1088 646 suffragia
1118 595 1212 634 nulli

135 663 350 709 vendimus,
381 662 517 701 effudit
545 674 653 699 curas
667 676 678 710 3
707 673 798 698 narn
827 659 894 709 qui
923 660 1041 698 dabat
1069 659 1163 697 olim

137 726 341 776 imperium
370 727 491 763 fasces
519 724 690 774 legiones
719 723 862 770 omnia,
891 736 996 760 nunc
1025 736 1066 762 se

138 790 313 829 continet
341 798 457 838 atque
486 790 583 828 duas
612 796 763 827 tantum
791 801 850 826 res
879 788 1014 825 anxius
1043 794 1163 836 optat,
1275 789 1325 824 80

137 868 279 904 panem
308 862 345 892 et
374 854 574 893 circenses.
633 853 849 891 ‘Perituros
877 852 995 890 audio
1024 850 1190 890 multos.'

142 919 243 957 “Nil
271 918 447 963 dubium,
476 918 616 967 magna
644 924 702 955 est
730 917 952 964 fomacula;
979 915 1186 965 pallidulus
1215 915 1268 953 mi

141 982 338 1020 Brutidius
366 994 476 1019 meus
504 982 555 1019 ad
586 980 721 1018 Martis
751 980 820 1018 fuit
850 979 985 1017 obvius
1014 980 1154 1017 aram.’'
1222 999 1233 1033 3
1266 1027 1268 1031 ,

142 1048 293 1095 ‘Quam
323 1045 452 1092 timeo,
483 1045 607 1083 victus
637 1057 685 1082 ne
714 1057 861 1093 poenas
890 1043 1016 1093 exigat
1043 1043 1166 1096 QX!
1189 1034 1235 1078 ‘ss

142 1118 184 1148 ut
212 1111 313 1148 male
342 1110 546 1148 defensus!
575 1121 772 1146 curramus
800 1107 1029 1158 praecipites
1058 1115 1106 1155 et,
1132 1121 1153 1145 εἰ
1171 1116 1190 1138 ²¹
1208 1109 1325 1156 *³285

143 1176 239 1223 dum
268 1175 366 1213 iacet
395 1174 434 1211 in
463 1174 554 1223 ripa,
586 1174 779 1211 calcemus
809 1172 983 1211 Caesaris
1012 1172 1175 1210 hostem.
1214 1198 1216 1201 »
1279 1223 1283 1226 γ
1323 1214 1353 1229 ,Α

142 1240 212 1278 sed
238 1238 393 1277 videant
422 1237 529 1284 servi,
560 1251 609 1276 ne
638 1237 723 1286 quis
753 1244 867 1286 neget
896 1244 933 1275 et
960 1236 1146 1286 pavidum
1174 1235 1214 1273 in
1243 1228 1330 1274 ius
1368 1228 1371 1230 ’

142 1302 289 1341 cervice
318 1301 501 1340 obstricta
529 1301 735 1339 dominum
764 1301 910 1339 trahat?
965 1300 1006 1338 hi
1034 1313 1233 1339 sermones
1281 1314 1392 1361 'flam—[2

143 1374 236 1404 tunc
264 1366 314 1404 de
342 1365 495 1411 Seiano,
525 1372 671 1403 secreta
699 1366 796 1403 haec
825 1377 1021 1401 murmura
1048 1362 1161 1413 vulgi

142 1431 250 1468 visne
278 1429 431 1467 salutari
460 1429 557 1466 sicut
585 1428 776 1467 Seianus?
803 1429 946 1467 habere

144 1494 373 1532 tantundem
401 1500 516 1542 atque
545 1493 598 1530 illi
626 1506 796 1531 summas
826 1487 973 1531 donare
1001 1493 1164 1538 curules,

143 1559 252 1596 illurn
280 1556 507 1596 exercitibus
534 1560 802 1607 praeponere?
830 1565 935 1596 tutor
960 1556 1094 1596 haberi

145 1622 325 1672 principis
354 1630 516 1671 angusta
545 1623 782 1671 Caprearum
811 1621 850 1659 in
876 1634 970 1671 rupe
999 1620 1170 1660 sedentis

146 1699 234 1724 eum
261 1698 376 1734 grege
405 1685 630 1723 Chaldaeo?
656 1684 713 1722 vis
741 1692 844 1723 certe
869 1684 957 1734 pila¹
975 1684 1166 1731 cohortes,

148 1748 318 1798 egregios
347 1748 495 1797 equites
524 1755 562 1786 et
591 1756 714 1786 castra
743 1747 980 1787 domestica?
1008 1746 1149 1796 quidni
1279 1758 1326 1796 95

146 1813 244 1850 haec
271 1811 427 1861 cupias?
455 1819 492 1850 et
521 1811 587 1861 qui
615 1813 756 1857 nolunt
784 1812 963 1850 occidere
992 1823 1246 1860 quemquam,

146 1889 261 1926 posse
279 1877 423 1914 volunt.
481 1877 552 1915 sed
580 1889 680 1926 quae
708 1877 904 1926 praeclara
932 1883 970 1914 et
997 1887 1182 1925 prospera
1208 1872 1318 1922 tanti,

1284 1026 1315 1036 ,ι
1347 1024 1379 1046 μ

1401 1348 1424 1418 7

1210 1394 1419 1477 {³3⁹2ss-

213 2026 248 2057 71
274 2017 356 2048 nihil
379 2018 429 2049 P:
464 2018 511 2048 nil
538 2016 613 2059 pm!
637 2026 676 2057 74
707 2018 815 2050 norsia
841 2017 955 2059 P182
990 2017 1131 2059 pallidus
1164 2015 1245 2048 mihi
1277 2016 1312 2047 P

148 2071 322 2113 pallidulus
352 2072 396 2103 mi
420 2077 472 2113 pm
491 2072 495 2108 Ι
516 2082 553 2113 9ι
590 2083 731 2104 summas
757 2073 809 2104 P:
840 2073 936 2104 sellas
964 2083 988 2103 ω
1006 2070 1011 2113 Ι
1032 2081 1072 2113 93
1096 2076 1235 2112 augusta
1258 2069 1327 2101 ΡΞ·

147 2125 264 2167 Jahn:
285 2130 420 2167 angusta
437 2136 470 2162 ω,
486 2126 662 2157 Hermann
682 2124 687 2167 Ι
708 2135 746 2167 97
771 2126 852 2158 tanti
867 2126 953 2157 PS':
975 2129 1100 2157 tantum
1110 2129 1163 2166 pm
