1444 2413
185 136 229 171 16
746 132 805 169 XI

180 217 329 256 luxuria
357 223 424 265 est,
456 215 496 254 in
523 215 710 255 Ventidio
739 215 933 254 laudabile
963 227 1108 253 nomen

180 282 295 319 sumit
324 288 363 320 et
390 294 413 319 a
441 294 560 319 censu
589 282 732 318 famam
761 280 885 318 trahit.
943 279 1052 317 illum
1081 290 1153 328 ego
1182 277 1263 316 iure

180 345 404 395 despiciam,
434 345 500 394 qui
529 345 611 392 scit,
642 352 789 399 quanto
819 343 1019 382 sublimior
1046 344 1156 381 Atlas

180 409 361 448 omnibus
389 409 429 447 in
458 408 581 459 Libya
609 408 656 446 sit
684 407 892 454 montibus,
923 407 987 445 hic
1015 414 1147 445 tamen
1175 405 1281 445 idem
1323 415 1368 454 25

182 474 344 523 ignoret,
372 480 562 522 quantum
590 473 732 511 ferrata
760 472 877 510 distet
905 472 955 509 ab
984 484 1073 509 arca

183 539 368 575 sacculus.
429 550 450 576 e
478 538 587 575 caelo
617 536 820 575 descendit
848 536 961 587 γνῶθι
989 533 1156 582 σεαυτόν,

182 602 380 651 figendum
409 609 446 640 et
475 602 639 639 memori
667 602 913 639 tractandum
942 608 1110 650 pectore,
1142 599 1221 638 sive

182 665 405 715 coniugium
435 677 596 714 quaeras
624 665 685 703 vel
714 664 811 702 sacri
839 663 880 701 in
908 671 1015 713 parte
1044 671 1200 702 senatus

182 743 266 768 esse
295 729 389 768 velis
403 743 413 777 3
443 742 570 779 neque
599 729 703 768 enim
732 728 892 767 loricam
921 728 1047 778 poscit
1075 728 1237 767 Achillis
1321 743 1371 778 30

181 793 390 841 Thersites,
420 793 460 831 in
489 806 568 843 qua
596 806 636 831 se
666 793 943 831 transducebat
973 793 1110 832 Ulixes
1126 808 1138 842 3

181 857 392 906 ancipitem
420 869 489 895 seu
518 864 560 895 tu
589 869 730 906 magno
759 856 982 895 discrimine
1011 870 1171 895 causam

183 929 382 971 protegere
412 922 596 968 adfectas,
627 928 666 959 te
694 922 867 967 consule,
897 921 961 960 dic
988 920 1060 959 tibi
1088 922 1154 971 qui
1183 922 1245 969 sis,

183 993 311 1024 orator
338 986 561 1032 vehemens,
591 998 641 1023 an
672 985 826 1024 Curtius
855 992 893 1024 et
923 986 1063 1024 Matho
1091 986 1250 1025 buccae.

184 1049 383 1087 noscenda
411 1055 468 1087 est
496 1061 678 1086 mensura
707 1047 765 1085 sui
794 1048 1087 1097 spectandaque
1115 1048 1228 1087 rebus
1321 1060 1368 1098 35

183 1113 221 1150 in
251 1112 410 1150 summis
438 1111 696 1161 minimisque,
728 1112 843 1150 etiam
872 1125 962 1149 cum
991 1111 1106 1161 piscis
1135 1119 1294 1160 emetur,

185 1193 233 1217 ne
263 1180 426 1216 mullum
453 1178 598 1228 cupias,
629 1191 719 1216 cum
749 1177 797 1216 sit
825 1177 895 1215 tibi
923 1177 1042 1227 gobio
1070 1185 1221 1216 tantum

184 1243 222 1281 in
251 1242 398 1281 loculis.
456 1242 542 1291 quis
571 1241 674 1280 enim
704 1249 740 1280 te
770 1241 976 1280 deficiente
1004 1242 1134 1279 culina

184 1314 223 1345 et
251 1313 449 1344 crescente
475 1307 564 1355 gula
592 1312 723 1344 manet
751 1304 888 1353 exitus,
917 1318 1006 1345 aere
1032 1313 1194 1355 paterno

185 1383 231 1408 ac
259 1371 373 1408 rebus
401 1369 535 1407 mersis
563 1369 603 1407 in
631 1377 805 1407 ventrem
833 1369 976 1407 fenoris
1004 1376 1121 1419 atque
1321 1381 1370 1416 40

185 1433 333 1484 argenti
360 1433 482 1484 gravis
512 1441 549 1472 et
577 1447 762 1484 pecorum
791 1447 1048 1484 agrorumque
1076 1436 1292 1484 capacem?

185 1499 327 1537 talibus
354 1512 378 1536 a
406 1498 574 1537 dominis
602 1506 692 1548 post
720 1507 862 1537 cuncta
889 1499 1120 1538 novissimus
1147 1498 1226 1538 exit

185 1564 322 1600 anulus
353 1569 389 1600 et
418 1562 540 1611 digito
569 1563 769 1601 mendicat
798 1563 923 1601 Pollio
952 1564 1072 1602 nudo.

186 1641 266 1666 non
294 1626 526 1676 praematuri
555 1626 701 1665 cineres
730 1640 804 1665 nec
832 1627 946 1665 funus
975 1628 1158 1666 acerbum

185 1691 369 1736 luxuriae,
405 1691 474 1728 sed
507 1700 630 1728 morte
664 1691 786 1740 magis
818 1692 1031 1729 metuenda
1063 1698 1254 1730 senectus.
1319 1703 1367 1742 45

185 1756 226 1795 hi
258 1757 488 1806 plerumque
518 1756 676 1804 gradus:
709 1756 905 1794 conducta
937 1756 1105 1805 pecunia
1137 1757 1289 1794 Romae

186 1827 225 1859 et
255 1832 385 1858 coram
416 1818 585 1857 dominis
619 1819 880 1866 consumitur3
910 1818 1003 1856 inde
1032 1817 1100 1856 ubi
1129 1818 1289 1867 paulum

186 1883 318 1922 nescio
352 1881 446 1931 quid
476 1888 650 1931 superest
683 1888 721 1919 et
753 1882 872 1931 pallet
902 1879 1045 1919 fenoris
1078 1887 1225 1926 auctor,

250 2011 291 2041 24
314 2000 379 2032 sci*
395 2001 429 2031 P
445 1999 449 2041 1
468 2000 572 2031 athlas
590 2000 643 2040 ΡΙ
665 1998 704 2030 26
727 1999 853 2040 ignorat
878 2001 907 2029 ς·
926 1997 932 2040 1
952 2009 988 2039 3¹
1015 1999 1157 2030 Tersites
1177 1997 1229 2036 Pl
1251 2009 1290 2040 34
1313 2004 1368 2031 aut

186 2055 341 2088 lbinriclz
362 2053 368 2095 1
389 2055 426 2094 38
450 2060 481 2086 te
507 2064 566 2085 om.
587 2054 620 2084 l>
636 2052 641 2095 l
659 2054 766 2085 eulina
789 2057 839 2085 S':
863 2053 978 2085 emina
999 2054 1049 2085 P:
1071 2063 1222 2086 crumena
1230 2059 1283 2095 pm
1300 2053 1305 2095 1
1325 2067 1366 2094 44

186 2113 393 2151 praematuss
411 2108 444 2139 P
