1444 2413
196 158 240 194 18
749 155 808 191 XI

193 255 264 281 nec
295 241 508 280 metuenda
538 240 619 288 tibi,
655 239 842 278 siccatum
876 238 1014 289 frigore
1044 246 1251 288 postquam
1327 249 1372 289 75

192 314 419 346 autumnum
450 313 487 344 et
516 304 623 342 crudi
652 316 817 353 posuere
846 303 1017 352 pericula
1046 302 1137 340 suci.

191 370 288 407 haec
317 368 410 407 olim
439 367 558 406 nostri
588 367 664 404 iam
694 365 890 404 luxuriosa
918 373 1075 404 senatus

192 447 290 473 cena
317 433 398 471 suit.
457 431 596 471 Curius
626 443 743 480 parvo
772 442 871 479 quae
899 430 1042 478 legerat
1069 430 1183 468 horto

193 499 274 548 ipse
304 497 398 536 focis
427 496 608 535 brevibus
636 496 806 545 ponebat
834 495 1046 542 holuscula,
1076 508 1175 544 quae
1203 507 1307 532 nunc

194 562 392 611 squalidus
421 561 460 598 in
489 572 631 608 magna
658 558 805 596 fastidit
833 558 1025 607 compede
1053 559 1187 605 fossor,
1327 559 1378 594 80

193 626 261 676 qui
288 625 476 672 meminit,
507 625 655 662 calidae
684 623 808 672 sapiat
837 622 931 672 quid
958 623 1072 660 vulva
1098 622 1276 672 popinae.

195 690 285 729 sicci
314 697 420 739 terga
449 689 537 736 suis,
566 702 649 726 rara
677 687 888 737 pendentia
915 696 1030 733 crate,

194 754 311 793 rnoris
341 761 420 792 erat
449 754 650 802 quondam
679 751 784 789 festis
814 763 964 789 servare
992 750 1131 790 diebus

196 826 234 856 et
263 817 487 855 natalicium
516 815 690 866 cognatis
718 828 863 864 ponere
891 815 1052 862 lardum,

196 883 407 921 accedente
436 894 549 927 nova,
581 880 611 918 si
640 893 757 929 quarn
786 880 905 918 dabat
931 879 1068 926 hostia,
1099 892 1225 918 carne.
1330 881 1376 929 85

197 951 450 994 cognatorum
479 942 616 992 aliquis
646 943 758 981 titulo
786 950 844 980 ter
871 942 1041 981 consulis
1069 950 1185 992 atque

197 1018 409 1047 castrorum
440 1008 610 1058 imperiis
639 1015 676 1046 et
705 1007 903 1046 dictatoris
931 1008 1080 1046 honore

198 1075 352 1113 functus
381 1074 431 1111 ad
460 1075 529 1111 has
558 1074 691 1122 epulas
720 1072 834 1111 solito
862 1071 1049 1110 maturius
1077 1071 1168 1118 ibat,

198 1146 369 1177 erectum
399 1137 549 1176 domito
577 1138 744 1175 referens
773 1149 796 1174 a
823 1143 957 1174 monte
984 1135 1166 1185 ligonem.

199 1216 289 1240 cum
311 1208 519 1239 tremerent
539 1208 669 1238 autem
690 1199 833 1238 Fabios
853 1200 1071 1249 durumque
1091 1200 1284 1238 Catonem
1333 1212 1382 1248 90

200 1274 239 1305 et
268 1268 431 1305 Scauros
461 1273 499 1304 et
528 1264 736 1312 Fabricios,
766 1271 963 1314 postremo
991 1276 1146 1303 severos

199 1329 369 1368 censoris
397 1342 523 1367 mores
552 1328 667 1367 etiam
696 1329 845 1378 collega
872 1328 1034 1376 timeret,

200 1407 318 1433 nemo
347 1394 446 1432 inter
474 1406 583 1431 curas
613 1400 651 1431 et
680 1392 776 1430 seria
804 1392 913 1431 duxit
940 1393 1179 1441 habendum,

201 1458 324 1508 qualis
354 1458 391 1495 in
423 1459 584 1497 Oceano
613 1458 731 1495 fluctu
761 1458 916 1495 testudo
944 1464 1104 1505 nataret,

202 1523 347 1559 clarum
377 1520 606 1570 Troiugenis
635 1521 782 1558 factura
810 1528 847 1559 et
875 1520 1005 1559 nobile
1034 1521 1196 1558 fulcrum
1205 1535 1215 1569 ς
1335 1532 1381 1570 95

202 1586 271 1624 sed
301 1586 409 1623 nudo
438 1585 555 1623 latere
584 1592 622 1622 et
650 1584 776 1634 parvis
806 1586 911 1623 frons
939 1598 1052 1624 aerea
1079 1584 1189 1623 lectis

203 1650 277 1688 vile
305 1649 479 1688 coronati
507 1657 623 1698 caput
653 1650 885 1688 ostendebat
913 1649 1031 1697 aselli,

203 1714 253 1751 ad
282 1714 390 1762 quod
417 1712 548 1750 lascivi
577 1713 764 1751 ludebant
793 1713 889 1751 ruris
917 1712 1074 1751 alumni.

206 1776 316 1829 [tales
345 1790 435 1826 ergo
465 1777 552 1824 cibi,
583 1777 707 1826 qualis
736 1778 876 1815 domus
904 1785 1021 1826 atque
1049 1775 1249 1830 supellex]

204 1849 297 1879 tunc
325 1841 430 1879 rudis
459 1848 498 1880 et
527 1841 661 1879 Graias
691 1841 818 1879 mirari
847 1841 1000 1879 nescius
1028 1849 1127 1880 artes
1313 1855 1385 1879 100

207 1904 363 1943 urbibus
392 1904 533 1943 eversis
561 1906 793 1954 praedarum
822 1905 862 1943 in
890 1912 999 1954 parte
1026 1912 1176 1954 reperta

269 2043 306 2074 81
342 2042 446 2084 sapiat
473 2043 527 2083 qui
553 2042 606 2084 P}
628 2044 666 2074 82
703 2048 796 2075 mate
819 2044 871 2074 P.-
906 2048 997 2084 grate
1019 2042 1066 2085 Sl
1087 2053 1125 2086 91
1150 2049 1314 2085 postremo
1336 2045 1388 2076 P.-

206 2097 365 2138 rigidique
393 2108 416 2126 ω
434 2095 438 2137 Ι
459 2106 499 2137 93
523 2098 707 2129 habendam
733 2097 786 2138 Pl
807 2107 848 2138 94
870 2108 992 2128 oceano
1016 2098 1065 2129 P:
1089 2098 1202 2129 oceani
1225 2096 1271 2140 ωΙ
1293 2107 1330 2139 95
1355 2103 1388 2131 et

206 2151 256 2181 P:
280 2159 317 2180 ac
334 2159 357 2178 ω
376 2146 381 2190 1
400 2148 557 2180 fulchrum
576 2150 609 2180 P
627 2147 630 2190 Ι
650 2159 691 2190 99
715 2150 771 2180 del.
791 2150 909 2180 Hez'nr.
933 2148 937 2190 1
961 2160 1019 2181 100
1042 2150 1129 2181 rudis
1138 2155 1211 2192 pm:
1227 2151 1307 2182 ruris
1323 2151 1356 2182 P
