<?xml version="1.0" encoding="UTF-8"?>
<!DOCTYPE html PUBLIC "-//W3C//DTD XHTML 1.0 Transitional//EN"
    "http://www.w3.org/TR/xhtml1/DTD/xhtml1-transitional.dtd">
<html xmlns="http://www.w3.org/1999/xhtml" xml:lang="en" lang="en">
 <head>
  <title>
</title>
<meta http-equiv="Content-Type" content="text/html;charset=utf-8" />
  <meta name='ocr-system' content='tesseract 3.04.00' />
  <meta name='ocr-capabilities' content='ocr_page ocr_carea ocr_par ocr_line ocrx_word'/>
</head>
<body>
  <div class='ocr_page' id='page_1' title='image "./juvenalforschool03juveuoft_0023.png"; bbox 0 0 1429 2428; ppageno 0'>
   <div class='ocr_carea' id='block_1_1' title="bbox 633 131 1256 180">
    <p class='ocr_par' dir='ltr' id='par_1_1' title="bbox 633 131 1256 180">
     <span class='ocr_line' id='line_1_1' title="bbox 633 131 1256 180; baseline -0.002 -11"><span class='ocrx_word' id='word_1_1' title='bbox 633 131 692 169; x_wconf 92' lang='lat' dir='ltr'>XI</span> <span class='ocrx_word' id='word_1_2' title='bbox 1214 142 1256 180; x_wconf 87' lang='lat'>15</span> 
     </span>
    </p>
   </div>
   <div class='ocr_carea' id='block_1_2' title="bbox 640 481 699 518">
    <p class='ocr_par' dir='ltr' id='par_1_2' title="bbox 640 481 699 518">
     <span class='ocr_line' id='line_1_2' title="bbox 640 481 699 518; baseline 0.017 -1"><span class='ocrx_word' id='word_1_3' title='bbox 640 481 699 518; x_wconf 93' lang='lat' dir='ltr'>XI</span> 
     </span>
    </p>
   </div>
   <div class='ocr_carea' id='block_1_3' title="bbox 71 630 1257 1959">
    <p class='ocr_par' dir='ltr' id='par_1_3' title="bbox 143 630 1242 745">
     <span class='ocr_line' id='line_1_3' title="bbox 143 630 1102 678; baseline -0.003 -7"><span class='ocrx_word' id='word_1_4' title='bbox 143 633 345 672; x_wconf 91' lang='lat' dir='ltr'>TTICUS</span> <span class='ocrx_word' id='word_1_5' title='bbox 375 631 513 671; x_wconf 83' lang='lat' dir='ltr'>eximie</span> <span class='ocrx_word' id='word_1_6' title='bbox 542 631 573 670; x_wconf 91' lang='lat' dir='ltr'>si</span> <span class='ocrx_word' id='word_1_7' title='bbox 601 638 727 678; x_wconf 87' lang='lat' dir='ltr'>cenat,</span> <span class='ocrx_word' id='word_1_8' title='bbox 756 631 883 669; x_wconf 86' lang='lat' dir='ltr'>lautus</span> <span class='ocrx_word' id='word_1_9' title='bbox 911 630 1076 669; x_wconf 86' lang='lat' dir='ltr'>habetur</span> <span class='ocrx_word' id='word_1_10' title='bbox 1091 644 1102 678; x_wconf 78' lang='lat'><em>3</em></span> 
     </span>
     <span class='ocr_line' id='line_1_4' title="bbox 179 693 1242 745; baseline -0.002 -11"><span class='ocrx_word' id='word_1_11' title='bbox 179 694 210 734; x_wconf 91' lang='lat' dir='ltr'>si</span> <span class='ocrx_word' id='word_1_12' title='bbox 239 697 403 742; x_wconf 89' lang='lat' dir='ltr'>Rutilus,</span> <span class='ocrx_word' id='word_1_13' title='bbox 425 697 596 735; x_wconf 87' lang='lat' dir='ltr'>demens.</span> <span class='ocrx_word' id='word_1_14' title='bbox 649 695 742 745; x_wconf 88' lang='lat' dir='ltr'>quid</span> <span class='ocrx_word' id='word_1_15' title='bbox 764 694 866 734; x_wconf 90' lang='lat' dir='ltr'>enim</span> <span class='ocrx_word' id='word_1_16' title='bbox 887 694 1032 733; x_wconf 85' lang='lat' dir='ltr'>maiore</span> <span class='ocrx_word' id='word_1_17' title='bbox 1051 693 1242 732; x_wconf 86' lang='lat' dir='ltr'>cachinno</span> 
     </span>
    </p>

    <p class='ocr_par' dir='ltr' id='par_1_4' title="bbox 71 757 1257 1959">
     <span class='ocr_line' id='line_1_5' title="bbox 78 757 1102 810; baseline -0.003 -12"><span class='ocrx_word' id='word_1_18' title='bbox 78 759 265 810; x_wconf 87' lang='lat' dir='ltr'>excipitur</span> <span class='ocrx_word' id='word_1_19' title='bbox 290 759 404 809; x_wconf 88' lang='lat' dir='ltr'>vulgi,</span> <span class='ocrx_word' id='word_1_20' title='bbox 434 772 552 808; x_wconf 90' lang='lat' dir='ltr'>quam</span> <span class='ocrx_word' id='word_1_21' title='bbox 580 771 728 808; x_wconf 86' lang='lat' dir='ltr'>pauper</span> <span class='ocrx_word' id='word_1_22' title='bbox 755 757 946 808; x_wconf 85' lang='lat' dir='ltr'>Apicius?</span> <span class='ocrx_word' id='word_1_23' title='bbox 975 757 1102 796; x_wconf 87' lang='lat' dir='ltr'>omnis</span> 
     </span>
     <span class='ocr_line' id='line_1_6' title="bbox 77 823 1071 870; baseline -0.003 -8"><span class='ocrx_word' id='word_1_24' title='bbox 77 824 276 863; x_wconf 89' lang='lat' dir='ltr'>convictus</span> <span class='ocrx_word' id='word_1_25' title='bbox 304 825 476 863; x_wconf 87' lang='lat' dir='ltr'>thermae</span> <span class='ocrx_word' id='word_1_26' title='bbox 505 823 703 870; x_wconf 89' lang='lat' dir='ltr'>stationes,</span> <span class='ocrx_word' id='word_1_27' title='bbox 734 835 852 861; x_wconf 90' lang='lat' dir='ltr'>omne</span> <span class='ocrx_word' id='word_1_28' title='bbox 880 823 1071 860; x_wconf 83' lang='lat' dir='ltr'>theatrum</span> 
     </span>
     <span class='ocr_line' id='line_1_7' title="bbox 77 885 1255 936; baseline -0.003 -10"><span class='ocrx_word' id='word_1_29' title='bbox 77 888 128 926; x_wconf 92' lang='lat' dir='ltr'>de</span> <span class='ocrx_word' id='word_1_30' title='bbox 146 888 292 926; x_wconf 87' lang='lat' dir='ltr'>Rutilo.</span> <span class='ocrx_word' id='word_1_31' title='bbox 348 901 439 926; x_wconf 90' lang='lat' dir='ltr'>nam</span> <span class='ocrx_word' id='word_1_32' title='bbox 459 887 553 925; x_wconf 93' lang='lat' dir='ltr'>dum</span> <span class='ocrx_word' id='word_1_33' title='bbox 572 887 700 925; x_wconf 88' lang='lat' dir='ltr'>valida</span> <span class='ocrx_word' id='word_1_34' title='bbox 718 899 765 924; x_wconf 87' lang='lat' dir='ltr'>ac</span> <span class='ocrx_word' id='word_1_35' title='bbox 783 885 975 924; x_wconf 81' lang='lat' dir='ltr'>iuvenalia</span> <span class='ocrx_word' id='word_1_36' title='bbox 994 885 1168 924; x_wconf 87' lang='lat' dir='ltr'>membra</span> <span class='ocrx_word' id='word_1_37' title='bbox 1235 897 1255 936; x_wconf 88' lang='lat'><strong>5</strong></span> 
     </span>
     <span class='ocr_line' id='line_1_8' title="bbox 76 949 1183 1002; baseline -0.003 -12"><span class='ocrx_word' id='word_1_38' title='bbox 76 951 270 991; x_wconf 87' lang='lat' dir='ltr'>sufficiunt</span> <span class='ocrx_word' id='word_1_39' title='bbox 297 951 429 1002; x_wconf 89' lang='lat' dir='ltr'>galeae</span> <span class='ocrx_word' id='word_1_40' title='bbox 457 952 631 1000; x_wconf 90' lang='lat' dir='ltr'>dumque</span> <span class='ocrx_word' id='word_1_41' title='bbox 659 950 796 988; x_wconf 87' lang='lat' dir='ltr'>ardent</span> <span class='ocrx_word' id='word_1_42' title='bbox 824 949 1023 999; x_wconf 84' lang='lat' dir='ltr'>sanguine,</span> <span class='ocrx_word' id='word_1_43' title='bbox 1053 950 1183 996; x_wconf 88' lang='lat' dir='ltr'>fertur,</span> 
     </span>
     <span class='ocr_line' id='line_1_9' title="bbox 76 1013 1213 1065; baseline -0.002 -11"><span class='ocrx_word' id='word_1_44' title='bbox 76 1028 157 1054; x_wconf 88' lang='lat' dir='ltr'>non</span> <span class='ocrx_word' id='word_1_45' title='bbox 185 1023 351 1065; x_wconf 88' lang='lat' dir='ltr'>cogente</span> <span class='ocrx_word' id='word_1_46' title='bbox 379 1014 553 1064; x_wconf 90' lang='lat' dir='ltr'>quidem,</span> <span class='ocrx_word' id='word_1_47' title='bbox 582 1015 652 1053; x_wconf 85' lang='lat' dir='ltr'>sed</span> <span class='ocrx_word' id='word_1_48' title='bbox 682 1027 756 1052; x_wconf 87' lang='lat' dir='ltr'>nec</span> <span class='ocrx_word' id='word_1_49' title='bbox 783 1014 1017 1063; x_wconf 83' lang='lat' dir='ltr'>prohibente</span> <span class='ocrx_word' id='word_1_50' title='bbox 1045 1013 1213 1061; x_wconf 88' lang='lat' dir='ltr'>tribuno,</span> 
     </span>
     <span class='ocr_line' id='line_1_10' title="bbox 76 1077 961 1130; baseline -0.003 -12"><span class='ocrx_word' id='word_1_51' title='bbox 76 1079 286 1130; x_wconf 89' lang='lat' dir='ltr'>scripturus</span> <span class='ocrx_word' id='word_1_52' title='bbox 313 1080 419 1129; x_wconf 91' lang='lat' dir='ltr'>leges</span> <span class='ocrx_word' id='word_1_53' title='bbox 449 1086 486 1117; x_wconf 88' lang='lat' dir='ltr'>et</span> <span class='ocrx_word' id='word_1_54' title='bbox 514 1078 618 1127; x_wconf 84' lang='lat' dir='ltr'>regia</span> <span class='ocrx_word' id='word_1_55' title='bbox 645 1079 763 1116; x_wconf 88' lang='lat' dir='ltr'>verba</span> <span class='ocrx_word' id='word_1_56' title='bbox 790 1077 961 1116; x_wconf 86' lang='lat' dir='ltr'>lanistae.</span> 
     </span>
     <span class='ocr_line' id='line_1_11' title="bbox 74 1141 1173 1193; baseline -0.002 -11"><span class='ocrx_word' id='word_1_57' title='bbox 74 1144 218 1182; x_wconf 90' lang='lat' dir='ltr'>multos</span> <span class='ocrx_word' id='word_1_58' title='bbox 245 1156 361 1193; x_wconf 91' lang='lat' dir='ltr'>porro</span> <span class='ocrx_word' id='word_1_59' title='bbox 388 1142 510 1190; x_wconf 90' lang='lat' dir='ltr'>vides,</span> <span class='ocrx_word' id='word_1_60' title='bbox 538 1155 637 1191; x_wconf 90' lang='lat' dir='ltr'>quos</span> <span class='ocrx_word' id='word_1_61' title='bbox 665 1154 782 1191; x_wconf 86' lang='lat' dir='ltr'>saepe</span> <span class='ocrx_word' id='word_1_62' title='bbox 811 1142 941 1180; x_wconf 88' lang='lat' dir='ltr'>elusus</span> <span class='ocrx_word' id='word_1_63' title='bbox 969 1142 1018 1180; x_wconf 90' lang='lat' dir='ltr'>ad</span> <span class='ocrx_word' id='word_1_64' title='bbox 1047 1141 1173 1192; x_wconf 91' lang='lat' dir='ltr'>ipsum</span> 
     </span>
     <span class='ocr_line' id='line_1_12' title="bbox 74 1205 1257 1255; baseline -0.003 -10"><span class='ocrx_word' id='word_1_65' title='bbox 74 1206 241 1245; x_wconf 86' lang='lat' dir='ltr'>creditor</span> <span class='ocrx_word' id='word_1_66' title='bbox 268 1205 466 1244; x_wconf 87' lang='lat' dir='ltr'>introitum</span> <span class='ocrx_word' id='word_1_67' title='bbox 495 1206 594 1243; x_wconf 89' lang='lat' dir='ltr'>solet</span> <span class='ocrx_word' id='word_1_68' title='bbox 624 1213 846 1255; x_wconf 85' lang='lat' dir='ltr'>exspectare</span> <span class='ocrx_word' id='word_1_69' title='bbox 875 1205 1040 1252; x_wconf 74' lang='lat' dir='ltr'>inacelli,</span> <span class='ocrx_word' id='word_1_70' title='bbox 1212 1217 1257 1243; x_wconf 89' lang='lat'>10</span> 
     </span>
     <span class='ocr_line' id='line_1_13' title="bbox 73 1268 1046 1320; baseline -0.001 -11"><span class='ocrx_word' id='word_1_71' title='bbox 73 1277 113 1309; x_wconf 91' lang='lat' dir='ltr'>et</span> <span class='ocrx_word' id='word_1_72' title='bbox 139 1270 280 1320; x_wconf 90' lang='lat' dir='ltr'>quibus</span> <span class='ocrx_word' id='word_1_73' title='bbox 308 1270 348 1308; x_wconf 87' lang='lat' dir='ltr'>in</span> <span class='ocrx_word' id='word_1_74' title='bbox 377 1271 461 1308; x_wconf 88' lang='lat' dir='ltr'>solo</span> <span class='ocrx_word' id='word_1_75' title='bbox 488 1268 645 1307; x_wconf 89' lang='lat' dir='ltr'>vivendi</span> <span class='ocrx_word' id='word_1_76' title='bbox 673 1282 790 1307; x_wconf 88' lang='lat' dir='ltr'>causa</span> <span class='ocrx_word' id='word_1_77' title='bbox 817 1270 948 1319; x_wconf 88' lang='lat' dir='ltr'>palato</span> <span class='ocrx_word' id='word_1_78' title='bbox 978 1277 1046 1308; x_wconf 88' lang='lat' dir='ltr'>est.</span> 
     </span>
     <span class='ocr_line' id='line_1_14' title="bbox 72 1333 1060 1384; baseline 0 -12"><span class='ocrx_word' id='word_1_79' title='bbox 72 1334 246 1384; x_wconf 85' lang='lat' dir='ltr'>egregius</span> <span class='ocrx_word' id='word_1_80' title='bbox 273 1341 387 1372; x_wconf 86' lang='lat' dir='ltr'>cenat</span> <span class='ocrx_word' id='word_1_81' title='bbox 415 1333 631 1383; x_wconf 81' lang='lat' dir='ltr'>meliusque</span> <span class='ocrx_word' id='word_1_82' title='bbox 659 1333 892 1372; x_wconf 89' lang='lat' dir='ltr'>miserrimus</span> <span class='ocrx_word' id='word_1_83' title='bbox 920 1335 1060 1373; x_wconf 86' lang='lat' dir='ltr'>horum</span> 
     </span>
     <span class='ocr_line' id='line_1_15' title="bbox 73 1398 901 1448; baseline 0 -11"><span class='ocrx_word' id='word_1_84' title='bbox 73 1405 113 1437; x_wconf 90' lang='lat' dir='ltr'>et</span> <span class='ocrx_word' id='word_1_85' title='bbox 138 1398 216 1438; x_wconf 90' lang='lat' dir='ltr'>cito</span> <span class='ocrx_word' id='word_1_86' title='bbox 243 1411 400 1436; x_wconf 90' lang='lat' dir='ltr'>casurus</span> <span class='ocrx_word' id='word_1_87' title='bbox 428 1398 503 1436; x_wconf 86' lang='lat' dir='ltr'>iam</span> <span class='ocrx_word' id='word_1_88' title='bbox 532 1399 755 1448; x_wconf 86' lang='lat' dir='ltr'>perlucente</span> <span class='ocrx_word' id='word_1_89' title='bbox 782 1398 901 1437; x_wconf 88' lang='lat' dir='ltr'>ruina.</span> 
     </span>
     <span class='ocr_line' id='line_1_16' title="bbox 73 1462 1084 1512; baseline -0.001 -10"><span class='ocrx_word' id='word_1_90' title='bbox 73 1462 219 1502; x_wconf 89' lang='lat' dir='ltr'>interea</span> <span class='ocrx_word' id='word_1_91' title='bbox 244 1469 378 1512; x_wconf 88' lang='lat' dir='ltr'>gustus</span> <span class='ocrx_word' id='word_1_92' title='bbox 407 1463 600 1501; x_wconf 87' lang='lat' dir='ltr'>elementa</span> <span class='ocrx_word' id='word_1_93' title='bbox 626 1475 695 1511; x_wconf 90' lang='lat' dir='ltr'>per</span> <span class='ocrx_word' id='word_1_94' title='bbox 722 1462 855 1500; x_wconf 86' lang='lat' dir='ltr'>omnia</span> <span class='ocrx_word' id='word_1_95' title='bbox 882 1470 1084 1512; x_wconf 87' lang='lat' dir='ltr'>quaerunt,</span> 
     </span>
     <span class='ocr_line' id='line_1_17' title="bbox 71 1525 1252 1577; baseline -0.001 -12"><span class='ocrx_word' id='word_1_96' title='bbox 71 1539 286 1576; x_wconf 88' lang='lat' dir='ltr'>numquam</span> <span class='ocrx_word' id='word_1_97' title='bbox 312 1525 443 1565; x_wconf 91' lang='lat' dir='ltr'>animo</span> <span class='ocrx_word' id='word_1_98' title='bbox 471 1525 602 1575; x_wconf 86' lang='lat' dir='ltr'>pretiis</span> <span class='ocrx_word' id='word_1_99' title='bbox 630 1525 896 1574; x_wconf 76' lang='lat' dir='ltr'>obstantibus3</span> <span class='ocrx_word' id='word_1_100' title='bbox 923 1525 1082 1565; x_wconf 89' lang='lat' dir='ltr'>interius</span> <span class='ocrx_word' id='word_1_101' title='bbox 1110 1526 1141 1565; x_wconf 88' lang='lat' dir='ltr'>si</span> <span class='ocrx_word' id='word_1_102' title='bbox 1210 1539 1252 1577; x_wconf 86' lang='lat'>15</span> 
     </span>
     <span class='ocr_line' id='line_1_18' title="bbox 72 1589 1189 1640; baseline -0.001 -11"><span class='ocrx_word' id='word_1_103' title='bbox 72 1590 274 1638; x_wconf 89' lang='lat' dir='ltr'>adtendas,</span> <span class='ocrx_word' id='word_1_104' title='bbox 303 1589 425 1640; x_wconf 87' lang='lat' dir='ltr'>magis</span> <span class='ocrx_word' id='word_1_105' title='bbox 453 1589 519 1628; x_wconf 88' lang='lat' dir='ltr'>illa</span> <span class='ocrx_word' id='word_1_106' title='bbox 546 1589 691 1636; x_wconf 88' lang='lat' dir='ltr'>iuvant,</span> <span class='ocrx_word' id='word_1_107' title='bbox 723 1603 823 1639; x_wconf 89' lang='lat' dir='ltr'>quae</span> <span class='ocrx_word' id='word_1_108' title='bbox 851 1589 971 1640; x_wconf 89' lang='lat' dir='ltr'>pluris</span> <span class='ocrx_word' id='word_1_109' title='bbox 999 1598 1189 1629; x_wconf 89' lang='lat' dir='ltr'>emuntur.</span> 
     </span>
     <span class='ocr_line' id='line_1_19' title="bbox 73 1653 1222 1705; baseline 0 -12"><span class='ocrx_word' id='word_1_110' title='bbox 73 1667 163 1705; x_wconf 88' lang='lat' dir='ltr'>ergo</span> <span class='ocrx_word' id='word_1_111' title='bbox 190 1655 285 1693; x_wconf 91' lang='lat' dir='ltr'>haut</span> <span class='ocrx_word' id='word_1_112' title='bbox 312 1654 467 1693; x_wconf 88' lang='lat' dir='ltr'>difficile</span> <span class='ocrx_word' id='word_1_113' title='bbox 496 1661 554 1693; x_wconf 88' lang='lat' dir='ltr'>est</span> <span class='ocrx_word' id='word_1_114' title='bbox 581 1653 789 1703; x_wconf 88' lang='lat' dir='ltr'>perituram</span> <span class='ocrx_word' id='word_1_115' title='bbox 809 1667 1002 1692; x_wconf 90' lang='lat' dir='ltr'>arcessere</span> <span class='ocrx_word' id='word_1_116' title='bbox 1031 1666 1222 1693; x_wconf 88' lang='lat' dir='ltr'>summam</span> 
     </span>
     <span class='ocr_line' id='line_1_20' title="bbox 71 1716 1064 1768; baseline -0.002 -12"><span class='ocrx_word' id='word_1_117' title='bbox 71 1718 248 1756; x_wconf 87' lang='lat' dir='ltr'>lancibus</span> <span class='ocrx_word' id='word_1_118' title='bbox 277 1717 464 1768; x_wconf 86' lang='lat' dir='ltr'>oppositis</span> <span class='ocrx_word' id='word_1_119' title='bbox 492 1718 554 1755; x_wconf 90' lang='lat' dir='ltr'>vel</span> <span class='ocrx_word' id='word_1_120' title='bbox 582 1716 907 1766; x_wconf 22' lang='lat' dir='ltr'>matrisrimagine</span> <span class='ocrx_word' id='word_1_121' title='bbox 935 1717 1064 1764; x_wconf 88' lang='lat' dir='ltr'>fracta,</span> 
     </span>
     <span class='ocr_line' id='line_1_21' title="bbox 73 1780 1025 1832; baseline -0.002 -12"><span class='ocrx_word' id='word_1_122' title='bbox 73 1789 112 1820; x_wconf 90' lang='lat' dir='ltr'>et</span> <span class='ocrx_word' id='word_1_123' title='bbox 140 1781 432 1832; x_wconf 86' lang='lat' dir='ltr'>quadringentis</span> <span class='ocrx_word' id='word_1_124' title='bbox 460 1780 631 1820; x_wconf 89' lang='lat' dir='ltr'>nummis</span> <span class='ocrx_word' id='word_1_125' title='bbox 659 1781 819 1819; x_wconf 88' lang='lat' dir='ltr'>condire</span> <span class='ocrx_word' id='word_1_126' title='bbox 846 1782 1025 1830; x_wconf 87' lang='lat' dir='ltr'>gulosum</span> 
     </span>
     <span class='ocr_line' id='line_1_22' title="bbox 72 1842 1253 1884; baseline 0 -2"><span class='ocrx_word' id='word_1_127' title='bbox 72 1845 213 1884; x_wconf 86' lang='lat' dir='ltr'>fictile:</span> <span class='ocrx_word' id='word_1_128' title='bbox 245 1845 300 1883; x_wconf 90' lang='lat' dir='ltr'>sic</span> <span class='ocrx_word' id='word_1_129' title='bbox 326 1844 489 1883; x_wconf 84' lang='lat' dir='ltr'>veniunt</span> <span class='ocrx_word' id='word_1_130' title='bbox 516 1844 567 1882; x_wconf 91' lang='lat' dir='ltr'>ad</span> <span class='ocrx_word' id='word_1_131' title='bbox 595 1843 845 1881; x_wconf 85' lang='lat' dir='ltr'>miscellanea</span> <span class='ocrx_word' id='word_1_132' title='bbox 871 1842 963 1880; x_wconf 89' lang='lat' dir='ltr'>ludi.</span> <span class='ocrx_word' id='word_1_133' title='bbox 1204 1857 1253 1882; x_wconf 85' lang='lat'>20</span> 
     </span>
     <span class='ocr_line' id='line_1_23' title="bbox 71 1906 1230 1959; baseline 0 -12"><span class='ocrx_word' id='word_1_134' title='bbox 71 1909 184 1947; x_wconf 86' lang='lat' dir='ltr'>refert</span> <span class='ocrx_word' id='word_1_135' title='bbox 211 1921 314 1959; x_wconf 88' lang='lat' dir='ltr'>ergo,</span> <span class='ocrx_word' id='word_1_136' title='bbox 345 1909 430 1958; x_wconf 91' lang='lat' dir='ltr'>quis</span> <span class='ocrx_word' id='word_1_137' title='bbox 458 1909 555 1947; x_wconf 90' lang='lat' dir='ltr'>haec</span> <span class='ocrx_word' id='word_1_138' title='bbox 583 1908 720 1947; x_wconf 88' lang='lat' dir='ltr'>eadem</span> <span class='ocrx_word' id='word_1_139' title='bbox 748 1914 876 1957; x_wconf 85' lang='lat' dir='ltr'>paret:</span> <span class='ocrx_word' id='word_1_140' title='bbox 906 1906 946 1945; x_wconf 88' lang='lat' dir='ltr'>in</span> <span class='ocrx_word' id='word_1_141' title='bbox 976 1906 1112 1947; x_wconf 80' lang='lat' dir='ltr'>Rutilo</span> <span class='ocrx_word' id='word_1_142' title='bbox 1139 1920 1230 1947; x_wconf 89' lang='lat' dir='ltr'>nam</span> 
     </span>
    </p>
   </div>
   <div class='ocr_carea' id='block_1_4' title="bbox 71 2009 1251 2164">
    <p class='ocr_par' dir='ltr' id='par_1_5' title="bbox 71 2009 1251 2164">
     <span class='ocr_line' id='line_1_24' title="bbox 138 2009 1251 2058; baseline 0 -10"><span class='ocrx_word' id='word_1_143' title='bbox 138 2026 152 2048; x_wconf 90' lang='lat'>1</span> <span class='ocrx_word' id='word_1_144' title='bbox 176 2021 290 2048; x_wconf 84' lang='lat' dir='ltr'>caenat</span> <span class='ocrx_word' id='word_1_145' title='bbox 314 2015 368 2058; x_wconf 83' lang='grc' dir='ltr'>ΡΙ</span> <span class='ocrx_word' id='word_1_146' title='bbox 388 2015 409 2049; x_wconf 90' lang='grc'><strong>6</strong></span> <span class='ocrx_word' id='word_1_147' title='bbox 439 2017 552 2049; x_wconf 86' lang='lat' dir='ltr'>ardent</span> <span class='ocrx_word' id='word_1_148' title='bbox 577 2017 698 2053; x_wconf 70' lang='lat' dir='ltr'>Barth,</span> <span class='ocrx_word' id='word_1_149' title='bbox 722 2016 858 2057; x_wconf 79' lang='lat' dir='ltr'>Rigalt:</span> <span class='ocrx_word' id='word_1_150' title='bbox 890 2015 981 2046; x_wconf 82' lang='lat' dir='ltr'>ardet</span> <span class='ocrx_word' id='word_1_151' title='bbox 1008 2015 1110 2054; x_wconf 84' lang='lat' dir='ltr'>Guiet,</span> <span class='ocrx_word' id='word_1_152' title='bbox 1135 2009 1228 2057; x_wconf 66' lang='lat' dir='ltr'>Jahn</span> <span class='ocrx_word' id='word_1_153' title='bbox 1241 2026 1251 2047; x_wconf 94' lang='lat'>.·</span> 
     </span>
     <span class='ocr_line' id='line_1_25' title="bbox 71 2066 1251 2110; baseline -0.001 -10"><span class='ocrx_word' id='word_1_154' title='bbox 71 2068 187 2100; x_wconf 81' lang='lat' dir='ltr'>ardens</span> <span class='ocrx_word' id='word_1_155' title='bbox 197 2069 252 2099; x_wconf 78' lang='grc' dir='ltr'>Ρω</span> <span class='ocrx_word' id='word_1_156' title='bbox 272 2067 277 2110; x_wconf 93' lang='grc' dir='ltr'>Ι</span> <span class='ocrx_word' id='word_1_157' title='bbox 295 2069 314 2101; x_wconf 93' lang='grc'>8</span> <span class='ocrx_word' id='word_1_158' title='bbox 330 2069 504 2101; x_wconf 76' lang='lat' dir='ltr'>scribturas</span> <span class='ocrx_word' id='word_1_159' title='bbox 519 2069 554 2100; x_wconf 78' lang='lat' dir='ltr'><em>P</em></span> <span class='ocrx_word' id='word_1_160' title='bbox 569 2067 573 2110; x_wconf 84' lang='grc' dir='ltr'>Ι</span> <span class='ocrx_word' id='word_1_161' title='bbox 596 2079 631 2099; x_wconf 83' lang='lat'>12</span> <span class='ocrx_word' id='word_1_162' title='bbox 655 2073 768 2099; x_wconf 87' lang='lat' dir='ltr'>caenat</span> <span class='ocrx_word' id='word_1_163' title='bbox 784 2068 818 2099; x_wconf 79' lang='lat' dir='ltr'><em>P</em></span> <span class='ocrx_word' id='word_1_164' title='bbox 833 2066 838 2108; x_wconf 92' lang='grc' dir='ltr'>Ι</span> <span class='ocrx_word' id='word_1_165' title='bbox 861 2076 896 2108; x_wconf 87' lang='lat'>15</span> <span class='ocrx_word' id='word_1_166' title='bbox 920 2066 1124 2108; x_wconf 87' lang='lat' dir='ltr'>opstantibus</span> <span class='ocrx_word' id='word_1_167' title='bbox 1139 2066 1191 2109; x_wconf 69' lang='lat' dir='ltr'>Pl</span> <span class='ocrx_word' id='word_1_168' title='bbox 1216 2067 1251 2099; x_wconf 81' lang='lat'>16</span> 
     </span>
     <span class='ocr_line' id='line_1_26' title="bbox 71 2121 1152 2164; baseline 0.001 -10"><span class='ocrx_word' id='word_1_169' title='bbox 71 2122 183 2154; x_wconf 82' lang='lat' dir='ltr'>iubant</span> <span class='ocrx_word' id='word_1_170' title='bbox 198 2128 345 2155; x_wconf 82' lang='lat' dir='ltr'>ementur</span> <span class='ocrx_word' id='word_1_171' title='bbox 360 2123 412 2155; x_wconf 89' lang='lat' dir='ltr'>P:</span> <span class='ocrx_word' id='word_1_172' title='bbox 436 2123 549 2155; x_wconf 86' lang='lat' dir='ltr'>iuvant</span> <span class='ocrx_word' id='word_1_173' title='bbox 564 2128 714 2155; x_wconf 86' lang='lat' dir='ltr'>emuntur</span> <span class='ocrx_word' id='word_1_174' title='bbox 722 2127 775 2163; x_wconf 79' lang='lat' dir='ltr'>pw</span> <span class='ocrx_word' id='word_1_175' title='bbox 794 2121 800 2164; x_wconf 89' lang='grc' dir='ltr'>Ι</span> <span class='ocrx_word' id='word_1_176' title='bbox 819 2131 859 2153; x_wconf 83' lang='lat'>20</span> <span class='ocrx_word' id='word_1_177' title='bbox 881 2122 1080 2155; x_wconf 87' lang='lat' dir='ltr'>miscillanea</span> <span class='ocrx_word' id='word_1_178' title='bbox 1094 2123 1152 2155; x_wconf 88' lang='lat' dir='ltr'>PS</span> 
     </span>
    </p>
   </div>
  </div>
 </body>
</html>
