<?xml version="1.0" encoding="UTF-8"?>
<!DOCTYPE html PUBLIC "-//W3C//DTD XHTML 1.0 Transitional//EN"
    "http://www.w3.org/TR/xhtml1/DTD/xhtml1-transitional.dtd">
<html xmlns="http://www.w3.org/1999/xhtml" xml:lang="en" lang="en">
 <head>
  <title>
</title>
<meta http-equiv="Content-Type" content="text/html;charset=utf-8" />
  <meta name='ocr-system' content='tesseract 3.04.00' />
  <meta name='ocr-capabilities' content='ocr_page ocr_carea ocr_par ocr_line ocrx_word'/>
</head>
<body>
  <div class='ocr_page' id='page_1' title='image "./juvenalforschool03juveuoft_0018.png"; bbox 0 0 1444 2413; ppageno 0'>
   <div class='ocr_carea' id='block_1_1' title="bbox 145 152 754 189">
    <p class='ocr_par' dir='ltr' id='par_1_1' title="bbox 145 152 754 189">
     <span class='ocr_line' id='line_1_1' title="bbox 145 152 754 189; baseline 0 0"><span class='ocrx_word' id='word_1_1' title='bbox 145 165 190 189; x_wconf 91' lang='lat'><strong>10</strong></span> <span class='ocrx_word' id='word_1_2' title='bbox 716 152 754 189; x_wconf 92' lang='lat' dir='ltr'>X</span> 
     </span>
    </p>
   </div>
   <div class='ocr_carea' id='block_1_2' title="bbox 93 236 1343 2025">
    <p class='ocr_par' dir='ltr' id='par_1_2' title="bbox 93 236 1343 2025">
     <span class='ocr_line' id='line_1_2' title="bbox 139 236 1168 287; baseline 0 -12"><span class='ocrx_word' id='word_1_3' title='bbox 139 250 238 287; x_wconf 90' lang='lat' dir='ltr'><strong>quos</strong></span> <span class='ocrx_word' id='word_1_4' title='bbox 265 237 409 287; x_wconf 88' lang='lat' dir='ltr'><strong>genuit,</strong></span> <span class='ocrx_word' id='word_1_5' title='bbox 439 249 538 287; x_wconf 89' lang='lat' dir='ltr'><strong>quos</strong></span> <span class='ocrx_word' id='word_1_6' title='bbox 567 237 708 276; x_wconf 83' lang='lat' dir='ltr'><strong>eduxit.</strong></span> <span class='ocrx_word' id='word_1_7' title='bbox 767 249 858 274; x_wconf 81' lang='lat' dir='ltr'><strong>nam</strong></span> <span class='ocrx_word' id='word_1_8' title='bbox 886 236 1024 275; x_wconf 88' lang='lat' dir='ltr'><strong>codice</strong></span> <span class='ocrx_word' id='word_1_9' title='bbox 1052 249 1168 275; x_wconf 88' lang='lat' dir='ltr'><strong>saevo</strong></span> 
     </span>
     <span class='ocr_line' id='line_1_3' title="bbox 138 301 1125 346; baseline 0 -7"><span class='ocrx_word' id='word_1_10' title='bbox 138 302 301 340; x_wconf 89' lang='lat' dir='ltr'><strong>heredes</strong></span> <span class='ocrx_word' id='word_1_11' title='bbox 329 308 434 340; x_wconf 82' lang='lat' dir='ltr'><strong>vetat</strong></span> <span class='ocrx_word' id='word_1_12' title='bbox 462 314 547 340; x_wconf 89' lang='lat' dir='ltr'><strong>esse</strong></span> <span class='ocrx_word' id='word_1_13' title='bbox 576 314 681 346; x_wconf 89' lang='lat' dir='ltr'><strong>suos,</strong></span> <span class='ocrx_word' id='word_1_14' title='bbox 709 301 814 340; x_wconf 82' lang='lat' dir='ltr'><strong>bona</strong></span> <span class='ocrx_word' id='word_1_15' title='bbox 841 307 924 339; x_wconf 86' lang='lat' dir='ltr'><strong>tota</strong></span> <span class='ocrx_word' id='word_1_16' title='bbox 952 302 1125 340; x_wconf 88' lang='lat' dir='ltr'><strong>feruntur</strong></span> 
     </span>
     <span class='ocr_line' id='line_1_4' title="bbox 138 365 1325 413; baseline -0.001 -10"><span class='ocrx_word' id='word_1_17' title='bbox 138 365 190 404; x_wconf 87' lang='lat' dir='ltr'><strong>ad</strong></span> <span class='ocrx_word' id='word_1_18' title='bbox 220 365 394 403; x_wconf 80' lang='lat' dir='ltr'><strong>Phialen.</strong></span> <span class='ocrx_word' id='word_1_19' title='bbox 505 394 513 402; x_wconf 97' lang='lat'>.</span> <span class='ocrx_word' id='word_1_20' title='bbox 625 395 633 402; x_wconf 86' lang='lat'>.</span> <span class='ocrx_word' id='word_1_21' title='bbox 745 394 752 402; x_wconf 91' lang='lat'>.</span> <span class='ocrx_word' id='word_1_22' title='bbox 865 395 872 403; x_wconf 91' lang='lat'><strong>.</strong></span> <span class='ocrx_word' id='word_1_23' title='bbox 983 393 991 402; x_wconf 92' lang='lat'><strong>.</strong></span> <span class='ocrx_word' id='word_1_24' title='bbox 1101 393 1111 403; x_wconf 85' lang='lat'><strong>.</strong></span> <span class='ocrx_word' id='word_1_25' title='bbox 1251 366 1325 413; x_wconf 84' lang='lat'><strong>238</strong></span> 
     </span>
     <span class='ocr_line' id='line_1_5' title="bbox 139 429 1326 480; baseline 0 -13"><span class='ocrx_word' id='word_1_26' title='bbox 139 436 182 468; x_wconf 91' lang='lat' dir='ltr'><strong>ut</strong></span> <span class='ocrx_word' id='word_1_27' title='bbox 209 429 362 480; x_wconf 87' lang='lat' dir='ltr'><strong>vigeant</strong></span> <span class='ocrx_word' id='word_1_28' title='bbox 391 442 526 468; x_wconf 86' lang='lat' dir='ltr'><strong>sensus</strong></span> <span class='ocrx_word' id='word_1_29' title='bbox 555 429 686 476; x_wconf 86' lang='lat' dir='ltr'><strong>animi,</strong></span> <span class='ocrx_word' id='word_1_30' title='bbox 716 430 899 468; x_wconf 82' lang='lat' dir='ltr'><strong>ducenda</strong></span> <span class='ocrx_word' id='word_1_31' title='bbox 926 437 1057 468; x_wconf 87' lang='lat' dir='ltr'><strong>tamen</strong></span> <span class='ocrx_word' id='word_1_32' title='bbox 1087 436 1175 468; x_wconf 90' lang='lat' dir='ltr'><strong>sunt</strong></span> <span class='ocrx_word' id='word_1_33' title='bbox 1251 443 1326 477; x_wconf 81' lang='lat'><strong>240</strong></span> 
     </span>
     <span class='ocr_line' id='line_1_6' title="bbox 140 493 1103 543; baseline 0.001 -12"><span class='ocrx_word' id='word_1_34' title='bbox 140 495 275 533; x_wconf 89' lang='lat' dir='ltr'><strong>funera</strong></span> <span class='ocrx_word' id='word_1_35' title='bbox 301 501 495 541; x_wconf 87' lang='lat' dir='ltr'><strong>natorum,</strong></span> <span class='ocrx_word' id='word_1_36' title='bbox 523 506 640 543; x_wconf 84' lang='lat' dir='ltr'><strong>rogus</strong></span> <span class='ocrx_word' id='word_1_37' title='bbox 668 493 920 543; x_wconf 88' lang='lat' dir='ltr'><strong>aspiciendus</strong></span> <span class='ocrx_word' id='word_1_38' title='bbox 949 502 1103 533; x_wconf 83' lang='lat' dir='ltr'><strong>amatae</strong></span> 
     </span>
     <span class='ocr_line' id='line_1_7' title="bbox 140 557 1166 607; baseline 0 -11"><span class='ocrx_word' id='word_1_39' title='bbox 140 557 316 607; x_wconf 86' lang='lat' dir='ltr'><strong>coniugis</strong></span> <span class='ocrx_word' id='word_1_40' title='bbox 347 565 383 596; x_wconf 92' lang='lat' dir='ltr'><strong>et</strong></span> <span class='ocrx_word' id='word_1_41' title='bbox 412 557 536 595; x_wconf 88' lang='lat' dir='ltr'><strong>fratris</strong></span> <span class='ocrx_word' id='word_1_42' title='bbox 564 557 782 606; x_wconf 84' lang='lat' dir='ltr'><strong>plenaeque</strong></span> <span class='ocrx_word' id='word_1_43' title='bbox 812 557 1008 595; x_wconf 89' lang='lat' dir='ltr'><strong>sororibus</strong></span> <span class='ocrx_word' id='word_1_44' title='bbox 1037 570 1166 596; x_wconf 87' lang='lat' dir='ltr'><strong>urnae.</strong></span> 
     </span>
     <span class='ocr_line' id='line_1_8' title="bbox 140 621 1153 671; baseline -0.002 -10"><span class='ocrx_word' id='word_1_45' title='bbox 140 624 237 661; x_wconf 88' lang='lat' dir='ltr'><strong>haec</strong></span> <span class='ocrx_word' id='word_1_46' title='bbox 266 623 356 661; x_wconf 83' lang='lat' dir='ltr'><strong>data</strong></span> <span class='ocrx_word' id='word_1_47' title='bbox 384 634 513 671; x_wconf 84' lang='lat' dir='ltr'><strong>poena</strong></span> <span class='ocrx_word' id='word_1_48' title='bbox 542 621 608 659; x_wconf 87' lang='lat' dir='ltr'><strong>diu</strong></span> <span class='ocrx_word' id='word_1_49' title='bbox 638 621 869 668; x_wconf 89' lang='lat' dir='ltr'><strong>viventibus,</strong></span> <span class='ocrx_word' id='word_1_50' title='bbox 899 629 941 666; x_wconf 86' lang='lat' dir='ltr'><strong>ut</strong></span> <span class='ocrx_word' id='word_1_51' title='bbox 969 628 1153 660; x_wconf 86' lang='lat' dir='ltr'><strong>renovata</strong></span> 
     </span>
     <span class='ocr_line' id='line_1_9' title="bbox 140 685 1179 736; baseline -0.001 -11"><span class='ocrx_word' id='word_1_52' title='bbox 140 699 293 736; x_wconf 85' lang='lat' dir='ltr'><strong>semper</strong></span> <span class='ocrx_word' id='word_1_53' title='bbox 321 687 435 724; x_wconf 80' lang='lat' dir='ltr'><strong>clade</strong></span> <span class='ocrx_word' id='word_1_54' title='bbox 464 687 606 724; x_wconf 89' lang='lat' dir='ltr'><strong>domus</strong></span> <span class='ocrx_word' id='word_1_55' title='bbox 634 685 766 723; x_wconf 88' lang='lat' dir='ltr'><strong>multis</strong></span> <span class='ocrx_word' id='word_1_56' title='bbox 795 685 835 724; x_wconf 91' lang='lat' dir='ltr'><strong>in</strong></span> <span class='ocrx_word' id='word_1_57' title='bbox 863 686 1033 724; x_wconf 85' lang='lat' dir='ltr'><strong>luctibus</strong></span> <span class='ocrx_word' id='word_1_58' title='bbox 1061 685 1179 735; x_wconf 89' lang='lat' dir='ltr'><strong>inque</strong></span> 
     </span>
     <span class='ocr_line' id='line_1_10' title="bbox 140 751 1325 803; baseline -0.003 -12"><span class='ocrx_word' id='word_1_59' title='bbox 140 760 329 803; x_wconf 89' lang='lat' dir='ltr'><strong>perpetuo</strong></span> <span class='ocrx_word' id='word_1_60' title='bbox 357 764 531 790; x_wconf 85' lang='lat' dir='ltr'><strong>maerore</strong></span> <span class='ocrx_word' id='word_1_61' title='bbox 559 758 598 790; x_wconf 85' lang='lat' dir='ltr'><strong>et</strong></span> <span class='ocrx_word' id='word_1_62' title='bbox 626 751 735 801; x_wconf 83' lang='lat' dir='ltr'><strong>nigra</strong></span> <span class='ocrx_word' id='word_1_63' title='bbox 762 758 871 789; x_wconf 88' lang='lat' dir='ltr'><strong>veste</strong></span> <span class='ocrx_word' id='word_1_64' title='bbox 900 758 1114 790; x_wconf 83' lang='lat' dir='ltr'><strong>senescant.</strong></span> <span class='ocrx_word' id='word_1_65' title='bbox 1255 762 1325 800; x_wconf 86' lang='lat'><strong>245</strong></span> 
     </span>
     <span class='ocr_line' id='line_1_11' title="bbox 140 816 1230 867; baseline -0.002 -11"><span class='ocrx_word' id='word_1_66' title='bbox 140 830 208 856; x_wconf 82' lang='lat' dir='ltr'><strong>rex</strong></span> <span class='ocrx_word' id='word_1_67' title='bbox 236 817 377 867; x_wconf 89' lang='lat' dir='ltr'><strong>Pylius,</strong></span> <span class='ocrx_word' id='word_1_68' title='bbox 408 829 551 866; x_wconf 80' lang='lat' dir='ltr'><strong>magno</strong></span> <span class='ocrx_word' id='word_1_69' title='bbox 580 816 612 854; x_wconf 88' lang='lat' dir='ltr'><strong>si</strong></span> <span class='ocrx_word' id='word_1_70' title='bbox 640 816 857 865; x_wconf 81' lang='lat' dir='ltr'>quidquam</span> <span class='ocrx_word' id='word_1_71' title='bbox 885 816 1010 854; x_wconf 89' lang='lat' dir='ltr'><strong>credis</strong></span> <span class='ocrx_word' id='word_1_72' title='bbox 1039 818 1230 863; x_wconf 88' lang='lat' dir='ltr'><strong>Homero,</strong></span> 
     </span>
     <span class='ocr_line' id='line_1_12' title="bbox 141 881 1063 932; baseline -0.001 -12"><span class='ocrx_word' id='word_1_73' title='bbox 141 883 363 932; x_wconf 89' lang='lat' dir='ltr'><strong>exemplum</strong></span> <span class='ocrx_word' id='word_1_74' title='bbox 391 881 494 920; x_wconf 73' lang='lat' dir='ltr'><strong>vitae</strong></span> <span class='ocrx_word' id='word_1_75' title='bbox 522 881 593 920; x_wconf 90' lang='lat' dir='ltr'><strong>fuit</strong></span> <span class='ocrx_word' id='word_1_76' title='bbox 621 894 645 919; x_wconf 81' lang='lat' dir='ltr'><strong>a</strong></span> <span class='ocrx_word' id='word_1_77' title='bbox 673 881 829 919; x_wconf 88' lang='lat' dir='ltr'><strong>cornice</strong></span> <span class='ocrx_word' id='word_1_78' title='bbox 858 882 1063 920; x_wconf 89' lang='lat' dir='ltr'><strong>secundae.</strong></span> 
     </span>
     <span class='ocr_line' id='line_1_13' title="bbox 140 943 1112 993; baseline 0 -11"><span class='ocrx_word' id='word_1_79' title='bbox 140 945 230 984; x_wconf 85' lang='lat' dir='ltr'><strong>felix</strong></span> <span class='ocrx_word' id='word_1_80' title='bbox 257 944 450 992; x_wconf 91' lang='lat' dir='ltr'><strong>nimirum,</strong></span> <span class='ocrx_word' id='word_1_81' title='bbox 483 943 550 993; x_wconf 90' lang='lat' dir='ltr'><strong>qui</strong></span> <span class='ocrx_word' id='word_1_82' title='bbox 578 951 636 982; x_wconf 89' lang='lat' dir='ltr'><strong>tot</strong></span> <span class='ocrx_word' id='word_1_83' title='bbox 664 956 734 993; x_wconf 90' lang='lat' dir='ltr'><strong>per</strong></span> <span class='ocrx_word' id='word_1_84' title='bbox 762 945 918 983; x_wconf 83' lang='lat' dir='ltr'><strong>saecula</strong></span> <span class='ocrx_word' id='word_1_85' title='bbox 945 951 1112 983; x_wconf 90' lang='lat' dir='ltr'><strong>mortem</strong></span> 
     </span>
     <span class='ocr_line' id='line_1_14' title="bbox 140 1008 1217 1058; baseline -0.001 -10"><span class='ocrx_word' id='word_1_86' title='bbox 140 1009 289 1048; x_wconf 84' lang='lat' dir='ltr'><strong>distulit</strong></span> <span class='ocrx_word' id='word_1_87' title='bbox 317 1016 436 1058; x_wconf 88' lang='lat' dir='ltr'><strong>atque</strong></span> <span class='ocrx_word' id='word_1_88' title='bbox 466 1021 556 1047; x_wconf 87' lang='lat' dir='ltr'><strong>suos</strong></span> <span class='ocrx_word' id='word_1_89' title='bbox 585 1008 663 1046; x_wconf 86' lang='lat' dir='ltr'><strong>iam</strong></span> <span class='ocrx_word' id='word_1_90' title='bbox 691 1010 826 1047; x_wconf 82' lang='lat' dir='ltr'><strong>dextra</strong></span> <span class='ocrx_word' id='word_1_91' title='bbox 854 1015 1055 1058; x_wconf 86' lang='lat' dir='ltr'><strong>computat</strong></span> <span class='ocrx_word' id='word_1_92' title='bbox 1082 1020 1217 1056; x_wconf 83' lang='lat' dir='ltr'><strong>annos,</strong></span> 
     </span>
     <span class='ocr_line' id='line_1_15' title="bbox 140 1072 1329 1124; baseline -0.001 -13"><span class='ocrx_word' id='word_1_93' title='bbox 140 1073 287 1124; x_wconf 87' lang='lat' dir='ltr'><strong>quique</strong></span> <span class='ocrx_word' id='word_1_94' title='bbox 319 1072 645 1111; x_wconf 83' lang='lat' dir='ltr'><strong>novum&#39;totiens</strong></span> <span class='ocrx_word' id='word_1_95' title='bbox 679 1080 851 1111; x_wconf 88' lang='lat' dir='ltr'><strong>mustum</strong></span> <span class='ocrx_word' id='word_1_96' title='bbox 888 1072 998 1112; x_wconf 88' lang='lat' dir='ltr'><strong>bibit.</strong></span> <span class='ocrx_word' id='word_1_97' title='bbox 1056 1085 1136 1120; x_wconf 93' lang='lat' dir='ltr'><strong>oro,</strong></span> <span class='ocrx_word' id='word_1_98' title='bbox 1175 1085 1329 1122; x_wconf 87' lang='lat' dir='ltr'><strong>parum-</strong></span> 
     </span>
     <span class='ocr_line' id='line_1_16' title="bbox 249 1147 1328 1187; baseline -0.003 -11"><span class='ocrx_word' id='word_1_99' title='bbox 249 1150 318 1187; x_wconf 87' lang='lat' dir='ltr'><strong>per</strong></span> <span class='ocrx_word' id='word_1_100' title='bbox 1254 1147 1328 1185; x_wconf 83' lang='grc'>250</span> 
     </span>
     <span class='ocr_line' id='line_1_17' title="bbox 139 1201 1131 1251; baseline -0.001 -11"><span class='ocrx_word' id='word_1_101' title='bbox 139 1202 330 1248; x_wconf 86' lang='lat' dir='ltr'><strong>attendas,</strong></span> <span class='ocrx_word' id='word_1_102' title='bbox 360 1208 550 1251; x_wconf 85' lang='lat' dir='ltr'><strong>quantum</strong></span> <span class='ocrx_word' id='word_1_103' title='bbox 581 1201 630 1239; x_wconf 91' lang='lat' dir='ltr'><strong>de</strong></span> <span class='ocrx_word' id='word_1_104' title='bbox 659 1201 809 1250; x_wconf 86' lang='lat' dir='ltr'><strong>legibus</strong></span> <span class='ocrx_word' id='word_1_105' title='bbox 838 1201 922 1251; x_wconf 88' lang='lat' dir='ltr'><strong>ipse</strong></span> <span class='ocrx_word' id='word_1_106' title='bbox 950 1207 1131 1250; x_wconf 88' lang='lat' dir='ltr'><strong>queratur</strong></span> 
     </span>
     <span class='ocr_line' id='line_1_18' title="bbox 139 1266 1186 1321; baseline 0 -16"><span class='ocrx_word' id='word_1_107' title='bbox 139 1268 306 1306; x_wconf 85' lang='lat' dir='ltr'><strong>satorum</strong></span> <span class='ocrx_word' id='word_1_108' title='bbox 335 1274 374 1321; x_wconf 84' lang='lat' dir='ltr'><strong>et</strong></span> <span class='ocrx_word' id='word_1_109' title='bbox 401 1267 522 1305; x_wconf 87' lang='lat' dir='ltr'><strong>nimio</strong></span> <span class='ocrx_word' id='word_1_110' title='bbox 553 1268 602 1305; x_wconf 89' lang='lat' dir='ltr'><strong>de</strong></span> <span class='ocrx_word' id='word_1_111' title='bbox 631 1267 809 1313; x_wconf 83' lang='lat' dir='ltr'><strong>stamine,</strong></span> <span class='ocrx_word' id='word_1_112' title='bbox 839 1281 928 1305; x_wconf 91' lang='lat' dir='ltr'><strong>cum</strong></span> <span class='ocrx_word' id='word_1_113' title='bbox 956 1267 1062 1306; x_wconf 91' lang='lat' dir='ltr'><strong>videt</strong></span> <span class='ocrx_word' id='word_1_114' title='bbox 1091 1266 1186 1306; x_wconf 87' lang='lat' dir='ltr'><strong>acris</strong></span> 
     </span>
     <span class='ocr_line' id='line_1_19' title="bbox 140 1329 1282 1381; baseline 0 -13"><span class='ocrx_word' id='word_1_115' title='bbox 140 1329 338 1369; x_wconf 87' lang='lat' dir='ltr'><strong>Antilochi</strong></span> <span class='ocrx_word' id='word_1_116' title='bbox 366 1331 527 1368; x_wconf 87' lang='lat' dir='ltr'><strong>barbam</strong></span> <span class='ocrx_word' id='word_1_117' title='bbox 556 1331 769 1377; x_wconf 88' lang='lat' dir='ltr'><strong>ardentem,</strong></span> <span class='ocrx_word' id='word_1_118' title='bbox 801 1344 890 1370; x_wconf 91' lang='lat' dir='ltr'><strong>cum</strong></span> <span class='ocrx_word' id='word_1_119' title='bbox 919 1331 1068 1381; x_wconf 88' lang='lat' dir='ltr'><strong>quaerit</strong></span> <span class='ocrx_word' id='word_1_120' title='bbox 1096 1332 1146 1370; x_wconf 90' lang='lat' dir='ltr'><strong>ab</strong></span> <span class='ocrx_word' id='word_1_121' title='bbox 1175 1329 1282 1369; x_wconf 87' lang='lat' dir='ltr'><strong>omni</strong></span> 
     </span>
     <span class='ocr_line' id='line_1_20' title="bbox 140 1395 1269 1446; baseline 0.003 -14"><span class='ocrx_word' id='word_1_122' title='bbox 140 1395 314 1444; x_wconf 86' lang='lat' dir='ltr'><strong>quisquis</strong></span> <span class='ocrx_word' id='word_1_123' title='bbox 343 1396 452 1433; x_wconf 86' lang='lat' dir='ltr'><strong>adest</strong></span> <span class='ocrx_word' id='word_1_124' title='bbox 481 1395 620 1442; x_wconf 87' lang='lat' dir='ltr'><strong>socius,</strong></span> <span class='ocrx_word' id='word_1_125' title='bbox 652 1408 720 1433; x_wconf 92' lang='lat' dir='ltr'><strong>cur</strong></span> <span class='ocrx_word' id='word_1_126' title='bbox 746 1397 844 1434; x_wconf 88' lang='lat' dir='ltr'><strong>haec</strong></span> <span class='ocrx_word' id='word_1_127' title='bbox 872 1396 911 1434; x_wconf 91' lang='lat' dir='ltr'><strong>in</strong></span> <span class='ocrx_word' id='word_1_128' title='bbox 940 1404 1117 1446; x_wconf 87' lang='lat' dir='ltr'><strong>tempora</strong></span> <span class='ocrx_word' id='word_1_129' title='bbox 1145 1397 1269 1443; x_wconf 89' lang='lat' dir='ltr'><strong>duret,</strong></span> 
     </span>
     <span class='ocr_line' id='line_1_21' title="bbox 141 1459 1325 1511; baseline 0 -13"><span class='ocrx_word' id='word_1_130' title='bbox 141 1460 249 1509; x_wconf 89' lang='lat' dir='ltr'><strong>quod</strong></span> <span class='ocrx_word' id='word_1_131' title='bbox 269 1459 415 1498; x_wconf 82' lang='lat' dir='ltr'><strong>facinus</strong></span> <span class='ocrx_word' id='word_1_132' title='bbox 436 1459 598 1510; x_wconf 82' lang='lat' dir='ltr'><strong>(lignum</strong></span> <span class='ocrx_word' id='word_1_133' title='bbox 614 1467 693 1498; x_wconf 85' lang='lat' dir='ltr'><strong>tam</strong></span> <span class='ocrx_word' id='word_1_134' title='bbox 713 1462 831 1510; x_wconf 87' lang='lat' dir='ltr'><strong>longo</strong></span> <span class='ocrx_word' id='word_1_135' title='bbox 850 1461 1048 1500; x_wconf 88' lang='lat' dir='ltr'><strong>admiserit</strong></span> <span class='ocrx_word' id='word_1_136' title='bbox 1067 1464 1193 1501; x_wconf 86' lang='lat' dir='ltr'><strong>aevo?</strong></span> <span class='ocrx_word' id='word_1_137' title='bbox 1254 1473 1325 1511; x_wconf 83' lang='grc'>255</span> 
     </span>
     <span class='ocr_line' id='line_1_22' title="bbox 140 1524 1254 1575; baseline 0 -13"><span class='ocrx_word' id='word_1_138' title='bbox 140 1525 238 1563; x_wconf 87' lang='lat' dir='ltr'><strong>haec</strong></span> <span class='ocrx_word' id='word_1_139' title='bbox 266 1524 404 1562; x_wconf 88' lang='lat' dir='ltr'><strong>eadem</strong></span> <span class='ocrx_word' id='word_1_140' title='bbox 434 1526 582 1573; x_wconf 86' lang='lat' dir='ltr'><strong>Peleus,</strong></span> <span class='ocrx_word' id='word_1_141' title='bbox 614 1532 768 1574; x_wconf 83' lang='lat' dir='ltr'><strong>raptum</strong></span> <span class='ocrx_word' id='word_1_142' title='bbox 798 1538 888 1562; x_wconf 88' lang='lat' dir='ltr'><strong>cum</strong></span> <span class='ocrx_word' id='word_1_143' title='bbox 916 1526 1021 1575; x_wconf 87' lang='lat' dir='ltr'><strong>luget</strong></span> <span class='ocrx_word' id='word_1_144' title='bbox 1050 1525 1254 1572; x_wconf 88' lang='lat' dir='ltr'><strong>Achillem,</strong></span> 
     </span>
     <span class='ocr_line' id='line_1_23' title="bbox 140 1584 1179 1639; baseline 0.002 -12"><span class='ocrx_word' id='word_1_145' title='bbox 140 1596 258 1639; x_wconf 86' lang='lat' dir='ltr'><strong>atque</strong></span> <span class='ocrx_word' id='word_1_146' title='bbox 285 1589 392 1637; x_wconf 86' lang='lat' dir='ltr'><strong>alius,</strong></span> <span class='ocrx_word' id='word_1_147' title='bbox 423 1584 571 1628; x_wconf 78' lang='lat' dir='ltr'><strong>euifas</strong></span> <span class='ocrx_word' id='word_1_148' title='bbox 601 1591 779 1628; x_wconf 80' lang='lat' dir='ltr'><strong>Ithacum</strong></span> <span class='ocrx_word' id='word_1_149' title='bbox 807 1591 938 1639; x_wconf 88' lang='lat' dir='ltr'><strong>lugere</strong></span> <span class='ocrx_word' id='word_1_150' title='bbox 966 1597 1179 1629; x_wconf 86' lang='lat' dir='ltr'><strong>natantem.</strong></span> 
     </span>
     <span class='ocr_line' id='line_1_24' title="bbox 93 1648 1131 1698; baseline 0.002 -8"><span class='ocrx_word' id='word_1_151' title='bbox 93 1648 326 1698; x_wconf 44' lang='lat' dir='ltr'><strong>“ll-incolumi</strong></span> <span class='ocrx_word' id='word_1_152' title='bbox 354 1653 472 1691; x_wconf 82' lang='lat' dir='ltr'><strong>Troia</strong></span> <span class='ocrx_word' id='word_1_153' title='bbox 501 1653 674 1692; x_wconf 84' lang='lat' dir='ltr'><strong>Priamus</strong></span> <span class='ocrx_word' id='word_1_154' title='bbox 702 1653 870 1692; x_wconf 90' lang='lat' dir='ltr'><strong>venisset</strong></span> <span class='ocrx_word' id='word_1_155' title='bbox 898 1654 948 1692; x_wconf 86' lang='lat' dir='ltr'><strong>ad</strong></span> <span class='ocrx_word' id='word_1_156' title='bbox 975 1655 1131 1692; x_wconf 84' lang='lat' dir='ltr'><strong>umbras</strong></span> 
     </span>
     <span class='ocr_line' id='line_1_25' title="bbox 138 1716 1138 1771; baseline 0.001 -16"><span class='ocrx_word' id='word_1_157' title='bbox 138 1716 317 1756; x_wconf 83' lang='lat' dir='ltr'><strong>Assaraci</strong></span> <span class='ocrx_word' id='word_1_158' title='bbox 345 1716 495 1767; x_wconf 83' lang='lat' dir='ltr'><strong>magnis</strong></span> <span class='ocrx_word' id='word_1_159' title='bbox 524 1718 788 1771; x_wconf 80' lang='lat' dir='ltr'><strong>sollemnibus,</strong></span> <span class='ocrx_word' id='word_1_160' title='bbox 821 1720 996 1757; x_wconf 87' lang='lat' dir='ltr'><strong>Hectore</strong></span> <span class='ocrx_word' id='word_1_161' title='bbox 1023 1719 1138 1756; x_wconf 86' lang='lat' dir='ltr'><strong>sunus</strong></span> 
     </span>
     <span class='ocr_line' id='line_1_26' title="bbox 139 1782 1334 1832; baseline 0 -12"><span class='ocrx_word' id='word_1_162' title='bbox 139 1789 316 1831; x_wconf 85' lang='lat' dir='ltr'><strong>portante</strong></span> <span class='ocrx_word' id='word_1_163' title='bbox 344 1795 391 1820; x_wconf 85' lang='lat' dir='ltr'><strong>ae</strong></span> <span class='ocrx_word' id='word_1_164' title='bbox 419 1782 573 1831; x_wconf 86' lang='lat' dir='ltr'><strong>reliquis</strong></span> <span class='ocrx_word' id='word_1_165' title='bbox 601 1784 758 1820; x_wconf 82' lang='lat' dir='ltr'><strong>fratrum</strong></span> <span class='ocrx_word' id='word_1_166' title='bbox 787 1782 1000 1821; x_wconf 87' lang='lat' dir='ltr'><strong>cervicibus</strong></span> <span class='ocrx_word' id='word_1_167' title='bbox 1027 1783 1127 1821; x_wconf 91' lang='lat' dir='ltr'><strong>inter</strong></span> <span class='ocrx_word' id='word_1_168' title='bbox 1253 1784 1299 1832; x_wconf 78' lang='grc'>26</span> <span class='ocrx_word' id='word_1_169' title='bbox 1331 1813 1334 1815; x_wconf 89' lang='grc'>.</span> 
     </span>
     <span class='ocr_line' id='line_1_27' title="bbox 139 1796 1343 1901; baseline -0.002 -17"><span class='ocrx_word' id='word_1_170' title='bbox 139 1846 310 1884; x_wconf 90' lang='lat' dir='ltr'><strong>Iliadum</strong></span> <span class='ocrx_word' id='word_1_171' title='bbox 338 1846 526 1893; x_wconf 85' lang='lat' dir='ltr'><strong>lacrimas,</strong></span> <span class='ocrx_word' id='word_1_172' title='bbox 557 1853 598 1884; x_wconf 88' lang='lat' dir='ltr'><strong>ut</strong></span> <span class='ocrx_word' id='word_1_173' title='bbox 626 1847 773 1901; x_wconf 88' lang='lat' dir='ltr'><strong>primos</strong></span> <span class='ocrx_word' id='word_1_174' title='bbox 802 1847 919 1885; x_wconf 93' lang='lat' dir='ltr'><strong>edere</strong></span> <span class='ocrx_word' id='word_1_175' title='bbox 947 1848 1125 1896; x_wconf 86' lang='lat' dir='ltr'><strong>planctus</strong></span> <span class='ocrx_word' id='word_1_176' title='bbox 1239 1796 1343 1882; x_wconf 48' lang='grc' dir='ltr'><strong>ῤ’</strong></span> 
     </span>
     <span class='ocr_line' id='line_1_28' title="bbox 139 1910 1167 1961; baseline 0 -13"><span class='ocrx_word' id='word_1_177' title='bbox 139 1910 360 1949; x_wconf 81' lang='lat' dir='ltr'><strong>Cassandra</strong></span> <span class='ocrx_word' id='word_1_178' title='bbox 386 1910 573 1959; x_wconf 88' lang='lat' dir='ltr'><strong>inciperet</strong></span> <span class='ocrx_word' id='word_1_179' title='bbox 602 1910 798 1960; x_wconf 81' lang='lat' dir='ltr'><strong>scissaque</strong></span> <span class='ocrx_word' id='word_1_180' title='bbox 829 1912 1027 1961; x_wconf 85' lang='lat' dir='ltr'><strong>Polyxena</strong></span> <span class='ocrx_word' id='word_1_181' title='bbox 1053 1912 1167 1960; x_wconf 86' lang='lat' dir='ltr'><strong>palla,</strong></span> 
     </span>
     <span class='ocr_line' id='line_1_29' title="bbox 138 1974 1151 2025; baseline 0.001 -13"><span class='ocrx_word' id='word_1_182' title='bbox 138 1975 170 2014; x_wconf 85' lang='lat' dir='ltr'><strong>si</strong></span> <span class='ocrx_word' id='word_1_183' title='bbox 197 1976 296 2014; x_wconf 87' lang='lat' dir='ltr'><strong>foret</strong></span> <span class='ocrx_word' id='word_1_184' title='bbox 324 1974 535 2014; x_wconf 82' lang='lat' dir='ltr'><strong>exstinctus</strong></span> <span class='ocrx_word' id='word_1_185' title='bbox 564 1975 717 2014; x_wconf 91' lang='lat' dir='ltr'><strong>diverso</strong></span> <span class='ocrx_word' id='word_1_186' title='bbox 746 1982 934 2025; x_wconf 89' lang='lat' dir='ltr'><strong>tempore,</strong></span> <span class='ocrx_word' id='word_1_187' title='bbox 964 1987 1043 2025; x_wconf 87' lang='lat' dir='ltr'><strong>quo</strong></span> <span class='ocrx_word' id='word_1_188' title='bbox 1070 1987 1151 2013; x_wconf 90' lang='lat' dir='ltr'><strong>non</strong></span> 
     </span>
    </p>
   </div>
   <div class='ocr_carea' id='block_1_3' title="bbox 137 2102 1324 2200">
    <p class='ocr_par' dir='ltr' id='par_1_3' title="bbox 137 2102 1324 2200">
     <span class='ocr_line' id='line_1_30' title="bbox 205 2102 1324 2147; baseline -0.001 -11"><span class='ocrx_word' id='word_1_189' title='bbox 205 2114 267 2145; x_wconf 88' lang='lat'><strong>240</strong></span> <span class='ocrx_word' id='word_1_190' title='bbox 298 2106 363 2137; x_wconf 82' lang='lat' dir='ltr'><strong>sint</strong></span> <span class='ocrx_word' id='word_1_191' title='bbox 385 2104 437 2147; x_wconf 77' lang='lat' dir='ltr'><strong>P}</strong></span> <span class='ocrx_word' id='word_1_192' title='bbox 460 2115 519 2144; x_wconf 81' lang='lat'><strong>241</strong></span> <span class='ocrx_word' id='word_1_193' title='bbox 545 2104 765 2137; x_wconf 86' lang='lat' dir='ltr'><strong>funeratorum</strong></span> <span class='ocrx_word' id='word_1_194' title='bbox 789 2106 840 2137; x_wconf 82' lang='lat' dir='ltr'><strong>P:</strong></span> <span class='ocrx_word' id='word_1_195' title='bbox 868 2105 980 2137; x_wconf 88' lang='lat' dir='ltr'><strong>funera</strong></span> <span class='ocrx_word' id='word_1_196' title='bbox 1002 2110 1152 2137; x_wconf 85' lang='lat' dir='ltr'><strong>natorum</strong></span> <span class='ocrx_word' id='word_1_197' title='bbox 1168 2102 1244 2146; x_wconf 69' lang='lat' dir='ltr'><strong>pwl</strong></span> <span class='ocrx_word' id='word_1_198' title='bbox 1265 2113 1324 2145; x_wconf 78' lang='lat'><strong>245</strong></span> 
     </span>
     <span class='ocr_line' id='line_1_31' title="bbox 137 2155 1293 2200; baseline 0.001 -12"><span class='ocrx_word' id='word_1_199' title='bbox 137 2161 282 2189; x_wconf 85' lang='lat' dir='ltr'><strong>senescat</strong></span> <span class='ocrx_word' id='word_1_200' title='bbox 297 2155 351 2198; x_wconf 74' lang='lat' dir='ltr'><strong>Pl</strong></span> <span class='ocrx_word' id='word_1_201' title='bbox 374 2167 434 2198; x_wconf 82' lang='lat'><strong>253</strong></span> <span class='ocrx_word' id='word_1_202' title='bbox 460 2168 534 2189; x_wconf 90' lang='lat' dir='ltr'><strong>cum</strong></span> <span class='ocrx_word' id='word_1_203' title='bbox 550 2159 601 2189; x_wconf 87' lang='lat' dir='ltr'><strong>P:</strong></span> <span class='ocrx_word' id='word_1_204' title='bbox 624 2168 701 2189; x_wconf 90' lang='lat' dir='ltr'><strong>narn</strong></span> <span class='ocrx_word' id='word_1_205' title='bbox 718 2169 741 2188; x_wconf 89' lang='grc' dir='ltr'>ω</span> <span class='ocrx_word' id='word_1_206' title='bbox 759 2161 764 2199; x_wconf 78' lang='grc' dir='ltr'>Ι</span> <span class='ocrx_word' id='word_1_207' title='bbox 787 2157 847 2198; x_wconf 79' lang='lat'><strong>263</strong></span> <span class='ocrx_word' id='word_1_208' title='bbox 871 2168 936 2200; x_wconf 91' lang='lat' dir='ltr'><strong>quo</strong></span> <span class='ocrx_word' id='word_1_209' title='bbox 951 2169 1017 2190; x_wconf 90' lang='lat' dir='ltr'><strong>non</strong></span> <span class='ocrx_word' id='word_1_210' title='bbox 1032 2159 1084 2190; x_wconf 82' lang='lat' dir='ltr'><strong>P:</strong></span> <span class='ocrx_word' id='word_1_211' title='bbox 1106 2168 1172 2200; x_wconf 90' lang='lat' dir='ltr'><strong>quo</strong></span> <span class='ocrx_word' id='word_1_212' title='bbox 1186 2157 1252 2190; x_wconf 88' lang='lat' dir='ltr'><strong>iam</strong></span> <span class='ocrx_word' id='word_1_213' title='bbox 1267 2169 1293 2189; x_wconf 89' lang='grc' dir='ltr'><em>ω</em></span> 
     </span>
    </p>
   </div>
  </div>
 </body>
</html>
