1429 2428
620 139 677 176 XI
1203 151 1244 184 ¹7

63 223 130 273 qui
163 230 308 262 vertere
340 223 477 269 solum,
510 220 622 260 Baias
655 230 693 260 et
726 223 776 261 ad
809 230 936 261 ostrea
967 232 1133 262 currunt.

62 288 201 327 cedere
230 300 396 337 namque
425 288 508 326 soro
536 286 613 325 iam
644 299 723 326 non
753 294 810 325 est
840 286 1010 326 deterius
1038 300 1155 338 quam
1198 301 1245 338 50

66 351 258 401 Esquilias
286 364 309 389 a
337 350 497 390 ferventi
527 350 689 400 migrare
717 351 879 390 Subura.

63 419 127 458 ille
160 419 272 458 dolor
301 418 406 456 solus
436 416 599 466 patriam
633 415 881 465 fugientibus,
914 415 979 454 illa

63 483 253 522 maestitia
286 483 354 529 est,
389 481 556 520 caruisse
588 494 692 520 anno
724 481 960 519 circensibus
994 494 1082 519 uno.

62 547 259 599 sanguinis
287 547 327 586 in
355 547 452 585 facie
480 559 560 584 non
589 547 722 584 haeret
750 553 857 596 gutta
866 560 877 594 ς
904 553 1104 585 morantur

63 612 178 663 pauci
210 611 415 651 ridiculum
446 610 694 660 effugientem
723 623 771 648 ex
799 610 893 648 urbe
922 610 1120 659 pudorem.
1196 614 1240 659 35

117 676 322 727 Experiere
350 675 480 723 hodie,
508 675 700 724 numquid
728 673 985 725 pulcherrima
1012 673 1131 717 dictu,

65 741 228 788 Persice,
262 753 343 779 non
374 747 566 790 praestem
596 738 675 777 vita
705 739 763 777 vel
797 738 970 777 moribus
1001 745 1038 777 et
1069 751 1108 777 re
1118 754 1127 786 3

61 805 93 844 si
125 806 280 844 laudern
314 804 470 853 siliquas
504 803 678 841 occultus
710 814 848 852 ganeo,
879 802 1006 851 pultes

61 881 192 907 coram
222 867 306 906 aliis
336 867 482 905 dictem
502 879 634 916 puero,
670 866 739 905 sed
771 866 810 904 in
841 878 932 904 aure
959 866 1168 915 placentas.

61 945 151 973 narn
185 944 274 970 cum
308 931 359 970 sis
392 930 556 969 conviva
589 929 686 968 mihi
716 928 941 979 promissus,
972 927 1136 967 habebis
1193 932 1241 965 60

62 996 297 1042 Euandrum,
331 994 462 1033 venies
491 993 716 1044 Tirynthius
748 999 816 1031 aut
845 991 972 1030 minor
1000 992 1067 1030 illo

60 1061 213 1110 hospes,
245 1068 283 1098 et
314 1060 396 1110 ipse
430 1067 560 1098 tamen
591 1058 821 1107 contingens
850 1056 1036 1106 sanguine
1069 1057 1232 1100 caelum,

60 1125 156 1163 alter
187 1123 309 1174 aquis,
342 1125 440 1162 alter
471 1122 637 1160 flammis
670 1122 721 1160 ad
751 1121 879 1160 sidera
912 1120 1063 1158 missus.

60 1189 203 1227 fercula
232 1201 337 1226 nunc
366 1187 457 1225 audi
487 1185 601 1224 nullis
631 1192 767 1224 ornata
795 1184 976 1222 macellis.

61 1253 110 1291 de
139 1252 347 1291 Tiburtino
376 1251 507 1289 veniet
538 1249 814 1300 pinguissimus
843 1260 936 1298 agro
1197 1249 1242 1297 65

61 1317 250 1356 haedulus
279 1324 317 1356 et
345 1323 428 1355 toto
455 1328 571 1366 grege
598 1314 762 1361 mollior,
792 1313 934 1352 inscius
963 1312 1115 1360 herbae,

61 1379 230 1418 necdum
262 1392 378 1417 ausus
403 1378 527 1428 virgas
557 1377 713 1416 humilis
743 1376 920 1415 mordere
953 1375 1089 1422 salicti,

0 1485 2 1493 Ι
61 1442 127 1492 qui
155 1444 242 1493 plus
270 1442 380 1481 lactis
409 1443 526 1481 habet
553 1454 670 1491 quarn
699 1440 906 1491 sanguinis,
935 1447 975 1478 et
1003 1440 1178 1478 montani

60 1505 246 1556 asparagi,
275 1506 405 1556 posito
434 1518 533 1555 quos
561 1505 652 1555 legit
680 1505 794 1543 vilica
821 1505 916 1544 fuso.

59 1569 220 1620 grandia
247 1577 446 1619 praeterea
473 1576 653 1618 tortoque
681 1568 847 1607 calentia
875 1569 990 1607 faeno
1195 1580 1240 1614 70

61 1646 133 1671 ova
160 1634 302 1672 adsunt
330 1633 422 1683 ipsis
450 1647 541 1672 cum
569 1633 767 1680 matribus,
798 1639 836 1671 et
869 1638 1041 1671 servatae

60 1705 168 1747 parte
198 1697 302 1745 anni,
334 1698 468 1746 quales
498 1698 649 1735 fuerant
678 1696 718 1735 in
748 1695 902 1743 vitibus,
937 1707 1047 1741 uvae,

61 1761 262 1811 Signinum
293 1761 523 1811 Syriumque
556 1760 693 1810 pirum,
727 1760 778 1798 de
807 1759 991 1798 corbibus
1021 1758 1146 1796 isdem

60 1826 213 1864 aemula
242 1825 394 1864 Picenis
424 1833 462 1864 et
495 1825 625 1864 odoris
653 1826 755 1863 mala
783 1823 962 1871 recentis,

125 1988 167 2021 49
189 1979 311 2012 hostria
331 1981 382 2012 P:
403 1980 532 2012 hostrea
542 1985 615 2021 pw:
638 1979 720 2010 ostia
743 1980 773 2008 S*
793 1976 798 2018 Ι
818 1985 856 2017 55
880 1975 1086 2017 effugientem
1109 1974 1183 2004 Pw:
1213 1980 1242 2004 ct

61 2032 235 2074 fugientem
252 2034 352 2065 Prisc.
369 2041 438 2065 vm
453 2046 473 2074 4
491 2043 507 2065 2
512 2043 529 2072 3
546 2036 575 2064 S·
589 2032 702 2074 Jahn,
718 2032 893 2062 Hermann
911 2028 916 2071 Ι
938 2037 976 2070 57
1000 2039 1061 2060 nec
1076 2030 1106 2059 S·
1120 2028 1222 2069 Jalzn
1233 2036 1244 2056 .-

62 2087 159 2119 ’nl’
179 2087 231 2119 vel
250 2093 302 2130 pm
325 2089 440 2120 Herm.
465 2089 470 2130 Ι
490 2089 529 2128 58
551 2087 578 2119 si
605 2088 660 2118 Ss-
685 2085 802 2128 Jalm:
827 2084 883 2119 sed
905 2084 961 2115 Po
981 2083 1095 2114 Herm.
1115 2080 1120 2122 Ι
1140 2091 1243 2113 caneo

61 2141 111 2173 P:
144 2151 249 2183 ganeo
266 2139 342 2182 pm}
365 2149 404 2182 73
427 2151 540 2182 pyrum
569 2141 602 2171 P

166 2206 209 2233 M.
226 2205 250 2233 1.
283 2206 341 2232 111.
1120 2201 1138 2224 2
