1454 2413
206 165 252 201 70
623 154 662 191 X
716 152 905 190 140—147

265 242 324 269 140
347 238 424 269 with
448 238 503 269 the
523 237 660 279 thought
677 238 715 270 cf.
737 237 858 278 Pliny’s
874 241 1042 279 argument
1064 236 1189 278 against
1205 236 1260 268 the
1274 236 1380 269 ballot

203 292 254 322 ep.
280 289 322 312 111
352 292 392 313 20
417 283 434 319 ἓ
462 283 480 312 8
503 286 594 322 quoto
616 281 728 322 cuique
752 282 854 312 eadem
877 281 1044 311 honestatis
1066 290 1145 311 cura
1170 283 1278 311 secreto
1301 290 1385 321 quae

200 323 336 364 palam?
358 324 469 354 multi
495 324 646 361 samam,
673 324 959 354 conscientiam
981 322 1094 363 pauci
1117 328 1311 353 verentur.

268 374 359 397 INDE
382 366 467 397 from
485 366 629 407 trophies
644 367 709 397 and
725 366 899 407 triumphal
922 365 1034 396 arches
1048 365 1115 396 and
1132 366 1141 380 ‘
1153 365 1382 397 Westminster

204 408 299 440 Abbe

270 408 393 482 azymi:
417 459 506 482 SITIS
531 459 570 482 1v
596 452 653 491 138
674 451 859 491 altamque
857 450 982 481 famem.
1017 449 1057 481 cf.
1077 460 1119 481 on
1140 449 1195 481 the
1210 450 1383 491 metaphor

207 494 320 525 Obbar
336 505 377 524 on
397 495 479 524 Hor.
497 504 547 534 ep.
569 501 581 524 1
602 495 638 524 18
657 503 707 533 23.
754 494 869 524 Wetst.
887 504 929 524 on
946 493 1041 524 Matt,
1062 501 1078 530 5
1096 492 1126 524 6.

269 540 388 567 141—2
411 544 495 572 QUIS
520 544 615 566 ENIM
635 544 828 567 VIRTUTEM
850 543 1113 566 AMPLECTITUR
1135 542 1254 574 1PSAM,
1274 543 1382 566 PRAE-

208 587 275 609 MIA
301 587 330 609 SI
355 580 517 609 TOLLAS?
548 579 686 618 Quintil.
703 587 757 609 XII
780 588 811 608 II
832 580 848 616 ξ
866 587 905 619 ²9
922 588 1006 608 mere
1019 588 1138 615 eorum,
1157 578 1214 618 qui
1227 588 1247 608 a
1262 588 1293 609 se
1306 588 1383 608 non

207 621 381 659 virtutes,
408 622 474 651 sed
498 622 752 662 voluptatem,
780 631 878 662 quae
909 621 960 651 sit
983 631 1027 651 ex
1050 620 1276 656 virtutibus,
1300 620 1383 661 peti

205 664 324 694 dicunt.
375 664 434 694 Ov
461 674 500 694 ex
526 664 613 695 P.11
637 674 654 703 3
683 674 762 694 11-
768 674 815 702 14.
832 674 896 703 you
919 673 979 694 can
1002 673 1110 694 scarce
1134 662 1201 693 find
1223 673 1285 694 one
1307 665 1342 693 in
1364 673 1384 694 a

207 706 366 737 thousand
382 706 565 737 virtutem
587 707 754 747 pretium
779 707 842 747 qui
866 711 974 747 putet
994 716 1077 736 esse
1095 705 1162 736 sui.
1186 703 1382 754 {J'psedecor,

210 754 314 780 recte
337 750 431 780 sacti
454 749 485 779 si
508 749 677 790 praemia
696 749 835 784 desint,
859 748 946 789 {non
963 753 1062 779 movet
1075 752 1104 778 et
1120 747 1228 788 gratis
1241 749 1384 788 paenitet

207 802 267 822 csse
282 792 431 832 probum.
464 791 503 822 cf.
521 792 575 822 the
591 798 776 832 arguments
792 792 829 822 of
846 791 1071 832 philosophers
1087 801 1129 821 on
1145 790 1200 821 the
1219 801 1384 821 summum

208 835 333 872 (lanum,
353 834 498 864 whether
513 835 615 865 virtue
631 835 734 872 alone,
755 845 790 864 or
806 835 909 864 virtue
931 833 1164 873 accompanied
1180 833 1223 874 by
1237 833 1384 864 outward

207 877 416 917 advantages.
463 876 516 907 On
532 876 587 907 the
603 882 720 907 constr.
737 877 943 916 amplectitur,
962 876 994 906 si
1012 876 1104 906 tollas
1126 875 1164 907 cf.
1187 884 1258 916 205.
1276 885 1337 916 339
1349 886 1383 906 n.

210 927 261 950 VII
281 930 330 959 50.
366 927 405 950 XI
427 918 475 949 16.
509 919 612 950 Ov.1.
629 930 657 950 c.
674 920 749 950 Ter.
767 920 819 950 ad.
840 918 961 959 761-2
988 918 1019 950 si
1042 918 1202 959 cupiat.
1220 940 1228 948 .
1247 940 1255 948 .
1273 941 1282 956 ,
1309 928 1384 949 non

208 967 347 1002 potest.
372 962 508 1002 Madvig
523 963 539 999 ξ
556 962 616 1001 348
633 963 664 992 b.

271 1008 329 1035 142
352 1012 479 1034 TAMEN
504 1010 556 1045 yet
579 1004 633 1035 the
654 1004 757 1044 glory,
779 1003 887 1035 which
909 1014 1001 1043 spurs
1023 1014 1098 1034 men
1119 1014 1161 1034 on
1179 1008 1213 1034 to
1233 1002 1335 1041 effort,
1358 1003 1385 1034 is

208 1046 295 1077 often
318 1047 372 1077 the
396 1047 466 1077 ruin
489 1047 527 1077 of
553 1047 635 1078 their
657 1053 801 1087 country.
849 1047 955 1077 There
979 1047 1005 1078 is
1034 1057 1076 1077 an
1102 1046 1240 1077 allusion
1267 1051 1300 1077 to
1330 1046 1384 1077 the

209 1089 285 1121 civil
300 1100 382 1120 wars
398 1090 434 1120 of
448 1090 562 1120 Rome.

273 1140 365 1162 OLIM
389 1143 462 1163 ever
475 1132 538 1162 and
551 1142 646 1167 anon,
659 1134 754 1172 again
764 1132 827 1162 and
840 1132 944 1172 again,
962 1131 1050 1167 ποτέ,
1064 1132 1175 1163 Germ.
1186 1135 1281 1162 sonst.
1301 1132 1384 1163 Hor.

211 1185 236 1206 s.
252 1182 263 1206 1
281 1184 290 1204 1
307 1174 409 1212 25—6
423 1175 547 1206 Heind.
558 1179 595 1205 ut
603 1180 688 1215 puel
689 1176 715 1205 z's
728 1175 819 1205 olim
832 1175 913 1205 dant
927 1175 1074 1205 crustula
1089 1174 1203 1204 blandi
1219 1173 1224 1214 Ι
1242 1175 1384 1205 doctores.

274 1220 333 1248 143
355 1225 481 1248 TITULI
504 1217 644 1258 epitaph
657 1225 694 1248 VI
708 1228 768 1256 ²30
784 1218 901 1248 titulo
917 1228 965 1247 res
975 1217 1078 1257 digna
1093 1217 1274 1258 sepulcri.
1304 1217 1382 1248 Luc.

211 1267 281 1290 VIII
299 1261 336 1290 81
342 1259 423 1298 „—6
440 1260 478 1290 of
497 1259 680 1300 Pompeius’
695 1270 793 1300 grave
815 1261 923 1301 surgit
937 1260 1112 1290 miserabile
1126 1260 1278 1291 bustum
1298 1257 1304 1301 l
1322 1269 1386 1291 non

213 1302 290 1333 ullis
298 1303 432 1342 planum
449 1302 587 1333 titulis.

277 1348 398 1374 144-5
426 1353 476 1375 AD
507 1352 605 1380 QUAE
635 1352 885 1376 DISCUTIENDA
915 1352 1064 1376 VALENT
1094 1352 1254 1376 STERILIS
1284 1352 1388 1376 MALA

214 1395 357 1418 ROBORA
380 1395 450 1417 FICI
484 1388 567 1418 Hor.
590 1388 685 1428 epod.
709 1396 726 1427 5
754 1397 789 1426 17
811 1388 911 1419 schol.
943 1387 1135 1428 sepulcris
1173 1387 1388 1428 caprificos

211 1434 325 1460 erutas.
376 1430 471 1460 Mart.
493 1437 517 1459 X
535 1439 551 1460 2
566 1440 584 1471 9
601 1441 789 1461 marmora
811 1430 1091 1470 Alessallaefindit
1104 1430 1330 1471 caprificus.

274 1475 332 1502 146
356 1472 423 1503 Cic.
440 1473 482 1502 ad
497 1473 570 1503 fam.
594 1481 631 1503 1v
648 1482 665 1512 5
681 1474 697 1510 ξ
713 1485 733 1512 4
748 1472 838 1503 leem!
854 1483 910 1503 nas
924 1472 1147 1504 homunculi
1163 1472 1387 1513 indzssgnamur,

211 1515 241 1545 si
259 1515 330 1555 quis
352 1520 497 1545 nostrum
520 1515 643 1545 interiit
662 1519 722 1545 aut
741 1516 855 1545 accisus
875 1519 925 1553 est,
945 1525 1081 1555 quorum
1096 1515 1164 1546 vita
1187 1515 1310 1546 brevior
1329 1526 1391 1546 esse

211 1558 301 1594 debet,
330 1568 402 1588 cum
432 1568 497 1587 uno
520 1558 582 1588 loca
606 1562 662 1588 tot
686 1558 872 1598 oppidum
895 1558 1085 1588 cadavera
1102 1558 1242 1598 proiecta
1264 1558 1389 1589 iacent?

213 1601 338 1631 Auson.
369 1600 469 1640 epigr.
503 1609 539 1639 35
572 1609 677 1640 9—-10
710 1605 913 1630 monumenta
942 1599 1116 1640 fatiscunt,
1139 1598 1144 1640 Ι
1164 1610 1265 1631 mors
1293 1601 1387 1631 etiam

213 1643 315 1673 saxis
330 1643 571 1682 nominibusque
579 1643 675 1673 vemt.
708 1643 808 1673 Rutil.
824 1643 954 1674 Namat.
971 1650 982 1673 1
996 1653 1058 1683 414
1070 1643 1228 1674 cemimus
1241 1643 1389 1684 exemplis

214 1685 360 1727 oppida
382 1695 494 1725 posse
517 1685 625 1715 mori.

276 1731 398 1758 147--8
433 1735 604 1758 EXPENDE
636 1735 893 1765 HANNIBALEM,
925 1735 1025 1764 QUOT
1057 1735 1184 1759 LIBRAS
1220 1735 1259 1758 IN
1289 1735 1388 1759 DUCE

213 1777 344 1801 sUMMo
368 1778 542 1800 INVENIES
566 1770 643 1800 with
665 1770 719 1800 the
740 1770 844 1800 whole
865 1780 999 1811 passage
1023 1780 1130 1811 comp
1149 1771 1223 1802 Sen.
1243 1781 1276 1801 n.
1293 1781 1326 1812 q.
1343 1778 1387 1802 111

214 1823 262 1853 pr.
289 1814 305 1850 ἕ
329 1811 350 1843 6
371 1813 635 1853 quemadmodum
666 1812 868 1843 Hannibal
900 1813 1022 1853 Alpes
1045 1813 1291 1854 superaverit
1311 1814 1388 1844 scri-

214 1855 302 1887 bunt.
361 1855 623 1895 quemadmodum
654 1855 862 1895 confirmatus
896 1855 1116 1895 Hispaniae
1154 1855 1295 1886 cladibus
1330 1855 1388 1886 bel-

215 1898 283 1928 lum
311 1897 455 1928 Italiae
483 1897 672 1937 inopinatus
694 1897 848 1932 i'ntulerzt,
861 1897 1044 1938 fractisque
1060 1898 1151 1928 rebus
1171 1902 1200 1928 et
1210 1903 1284 1938 post
1308 1898 1388 1929 Car·

214 1940 373 1980 chag-inem
398 1941 554 1980 pertinax
583 1950 694 1980 reges
725 1940 987 1980 pererraverit
1020 1940 1155 1971 ducem
1188 1940 1386 1980 promittens,

214 1983 382 2014 exercitum
407 1987 525 2022 petens.
567 1982 830 2023 quemadmodum
862 1993 925 2012 nan
949 1982 1072 2013 desierit
1093 1983 1239 2014 omnibus
1259 1983 1390 2023 angulis

215 2025 329 2055 bellum
350 2035 444 2055 senex
464 2034 630 2065 quaerere:
652 2025 725 2055 adeo
748 2025 815 2055 sine
833 2025 948 2065 patria
965 2025 1044 2065 pati
1058 2030 1193 2066 poterat,
1218 2026 1286 2056 sine
1306 2026 1390 2056 lzosse

171 2099 175 2102 Δ
215 2078 280 2098 non
297 2072 431 2108 poterat.
477 2067 760 2107 cf.Iuv.172-—3.
809 2067 870 2099 Ov.
890 2078 933 2098 m.
952 2075 1006 2098 XII
1024 2066 1149 2107 615-—6
1171 2069 1238 2098 iam
1253 2068 1334 2098 emis
1346 2072 1391 2098 est

215 2115 243 2141 et
260 2111 296 2140 de
316 2116 392 2141 tam
414 2120 551 2150 magno
574 2115 695 2141 restat
717 2110 844 2140 Aclzzlle
862 2109 866 2149 Ι
887 2110 985 2140 nescio
1003 2110 1084 2150 quid
1104 2120 1263 2150 parvam
1286 2110 1388 2152 quod

216 2163 291 2184 non
313 2153 410 2184 bene
432 2153 628 2194 compleat
650 2162 793 2183 urnam.
839 2152 974 2184 Hamlet
990 2160 1014 2183 v
1033 2163 1045 2184 1
1068 2151 1244 2193 186—204.
