1429 2428
649 129 685 166 X
1213 145 1257 180 13

75 220 272 251 matronae
288 224 298 258 ς
330 225 421 251 mox
449 225 538 250 curn
568 213 718 252 dederit
747 213 904 253 Servilia
932 227 1123 263 nummos,

75 277 139 315 fiet
167 283 205 315 et
233 275 345 323 illius,
375 289 492 326 quam
522 289 601 315 non
630 285 744 324 amat,
775 285 888 317 exuet
915 291 1073 317 omnem
1182 292 1258 328 320

75 338 244 390 corporis
273 348 463 379 ornatum.
695 372 703 380 .
814 373 822 381 .
934 372 942 380 .

75 404 180 442 ‘Sed
208 412 315 442 casto
344 403 438 453 quid
468 405 591 442 forma
619 406 779 443 nocet?'
835 405 939 454 Quid
968 407 1108 456 profuit
1137 406 1258 446 immo

77 468 296 518 Hippolyto
315 480 429 518 grave
436 468 701 530 Brppositum,
725 468 819 518 quid
840 470 1153 519 Bellerophonti?
1183 484 1228 520 32
1237 483 1256 520 5

75 531 227 570 erubuit
257 544 399 580 nempe
427 514 612 582 iiffgjc‘e'u‘
630 532 799 570 fastidita
827 534 980 582 repulsa
1052 529 1220 573 Ψυίέέῑα,

74 607 147 634 nec
167 595 414 634 Stheneboea
429 582 561 634 {inus
580 608 699 645 quam
720 597 860 635 Cressa
879 596 1098 643 excanduit,
1120 606 1157 636 et
1177 611 1219 636 sc

74 671 306 698 concussere
334 661 484 698 ambae.
544 661 682 698 mulier
710 660 932 699 saevissima
961 669 1055 699 tunc
1083 669 1152 708 est,

74 736 164 762 cum
194 723 370 762 stimulos
399 724 492 763 odio
520 725 647 774 pudor
674 725 869 764 admovet.
927 725 1035 775 elige,
1069 726 1257 774 quidnam

73 788 318 826 suadendum
339 801 423 827 esse
442 796 567 838 putes,
589 789 651 827 cui
674 791 822 827 nubere
843 789 1019 829 Caesaris
1040 803 1135 829 uxor
1183 803 1259 839 330

77 852 258 892 destinat.
316 853 486 903 optimus
515 853 578 892 hic
607 861 646 892 et
674 854 974 893 formosissimus
1004 854 1108 893 idem

73 916 199 966 gentis
227 917 409 967 patriciae
438 917 584 967 rapitur
610 918 728 956 miser
756 918 1043 968 extinguendus

76 982 310 1021 Messalinae
338 982 484 1029 oculis3
513 983 663 1020 dudum
693 983 802 1021 sedet
831 983 896 1022 illa
923 991 1058 1032 parato

74 1047 296 1086 flammeolo
324 1048 540 1098 Tyriusque
569 1049 698 1098 palam
725 1048 886 1098 genialis
915 1048 953 1086 in
982 1048 1101 1086 hortis

74 1109 254 1148 sternitur
283 1117 321 1150 et
349 1111 423 1149 ritu
452 1111 581 1150 decies
609 1119 775 1150 centena
803 1112 997 1150 dabuntur
1183 1123 1256 1162 335

73 1173 246 1224 antiquo,
275 1175 403 1214 veniet
431 1189 521 1214 cum
550 1176 808 1226 signatoribus
837 1189 991 1225 auspex.

74 1240 172 1278 haec
199 1247 241 1278 tu
270 1248 418 1278 secreta
445 1248 484 1278 et
512 1240 646 1290 paucis
675 1240 883 1279 commissa
910 1241 1103 1290 putabas?

75 1316 155 1342 non
183 1294 257 1342 nisi
285 1304 455 1354 legitime
484 1306 565 1342 vult
594 1306 751 1343 nubere.
813 1304 907 1354 quid
935 1305 1098 1354 placeat,
1130 1304 1203 1343 dic.

76 1369 116 1408 ni
144 1382 279 1420 parere
307 1369 414 1416 velis,
444 1370 686 1420 pereundum
716 1369 785 1408 erit
814 1377 904 1408 ante
933 1370 1108 1408 lucernas
1124 1384 1134 1417 ;

74 1431 107 1471 si
125 1433 250 1471 scelus
268 1432 464 1480 admittas,
486 1432 640 1471 dabitur
659 1445 768 1471 mora
787 1434 955 1483 parvula,
978 1434 1069 1471 dum
1089 1446 1148 1472 res
1185 1447 1260 1482 340

75 1505 169 1536 nota
196 1497 280 1536 urbi
309 1506 347 1536 et
375 1499 522 1548 populo
550 1498 749 1548 contingat
777 1498 960 1548 principis
989 1498 1131 1536 aurem.

75 1563 248 1602 dedecus
276 1561 340 1600 ille
368 1562 509 1601 domus
538 1562 632 1601 sciet
661 1564 816 1601 ultimus
830 1577 841 1611 3
870 1563 1015 1602 interea
1043 1570 1085 1601 tu

75 1626 290 1676 obsequere
318 1625 493 1676 imperio,
524 1626 555 1665 si
583 1626 681 1665 tanti
708 1627 786 1665 vita
815 1627 965 1665 dierum

75 1703 296 1740 paucorum.
355 1690 546 1740 quidquid
574 1691 696 1730 levius
724 1691 941 1741 meliusque
969 1690 1125 1740 putaris,

74 1755 300 1805 praebenda
329 1763 388 1794 est
416 1755 547 1805 gladio
589 1756 752 1807 pulchra
786 1755 883 1794 haec
914 1762 952 1794 et
985 1755 1154 1794 candida
1183 1769 1260 1794 cer-

233 1833 305 1858 vix.

18 1860 219 1998 {JNH
246 1895 337 1934 ergo
365 1885 558 1934 optabunt
587 1883 901 1924 homines?'—si
930 1883 1136 1923 consilium
1164 1833 1256 1930 5325

139 2015 200 2058 326
237 2018 299 2050 hac
335 2020 462 2061 Haupt,
496 2020 621 2061 Jahn:
657 2019 737 2051 haec
773 2020 829 2051 Ρω
861 2018 866 2061 Ι
899 2020 1028 2061 repulsa
1050 2025 1103 2062 pm
1131 2021 1258 2061 Ilaupt,

73 2071 175 2113 Jahn
185 2080 199 2103 .·
227 2072 357 2114 repulso
372 2071 449 2114 PSfl
471 2082 531 2114 327
555 2073 635 2105 haec
656 2084 690 2104 se
712 2073 746 2104 P
763 2070 768 2114 Ι
787 2083 849 2113 334
872 2073 950 2105 ortis
967 2072 1044 2114 PSl
1065 2083 1125 2114 343
1149 2073 1190 2105 sit
1206 2073 1258 2104 P.-

74 2124 184 2167 sipo:
208 2124 235 2157 si
251 2126 332 2158 tanti
347 2131 395 2172 est
413 2129 442 2158 S·
459 2125 466 2168 Ι
487 2136 548 2167 344
572 2126 750 2168 meliusque
766 2136 828 2157 om.
842 2127 876 2157 P

730 2258 758 2274 χ
