1444 2413
144 128 165 163 6
716 127 753 164 X

143 225 259 261 quam
289 220 326 250 te
355 210 602 260 conspicuae,
633 211 765 249 divina
794 211 1021 262 Philippica,
1050 213 1186 260 famae,
1253 225 1322 263 125

142 277 305 316 volveris
334 291 357 315 a
384 277 508 327 prima
536 289 635 326 quae
664 276 848 326 proxima.
907 291 1043 316 saevus
1071 285 1110 316 et
1138 277 1246 316 illum

142 343 265 382 exitus
294 342 443 392 eripuit,
475 356 588 392 quern
619 342 856 381 mirabantur
883 344 1062 382 Athenae

142 414 351 445 torrentem
380 413 418 444 et
447 405 551 455 pleni
580 407 848 445 moderantem
877 408 984 445 frena
1011 405 1158 446 theatri.

141 470 200 509 dis
229 470 292 509 ille
320 469 488 509 adversis
516 469 670 519 genitus
698 471 857 519 fatoque
886 470 1052 516 sinistro,

141 549 257 585 quem
285 543 394 584 pater
421 534 590 572 ardentis
618 547 769 572 massae
797 534 955 584 fuligine
983 534 1113 584 lippus
1251 548 1325 584 130

141 612 164 636 a
193 599 361 637 carbone
389 605 427 636 et
456 597 665 652 forcipibus
693 598 921 648 gladiosque
950 598 1100 648 paranti

141 663 284 701 incude
313 670 352 701 et
379 663 485 701 luteo
513 664 693 701 Vulcano
721 663 772 701 ad
800 664 956 701 rhetora
983 662 1132 703 misitf

195 726 391 764 Bellorum
421 725 591 773 exuviae,
621 726 766 764 truncis
793 727 923 765 adfixa
950 726 1118 776 tropaeis

140 789 259 827 lorica
288 797 325 827 et
352 790 472 827 fracta
500 789 549 827 de
578 789 727 828 casside
756 789 924 828 buccula
951 791 1129 840 pendens

140 862 177 892 et
207 862 357 892 curtum
385 861 542 892 temone
571 854 703 903 iugum
731 854 935 904 victaeque
964 854 1128 893 triremis
1250 866 1321 904 135

139 919 308 967 aplustre
338 925 376 956 et
404 931 558 956 summo
586 918 703 957 tristis
732 919 907 968 captivus
935 918 975 956 in
1003 932 1093 957 arcu

138 969 319 1019 humanis
346 981 493 1020 maiora
520 981 633 1020 bonis
661 981 880 1034 creduntur.
939 982 1093 1031 2181..ch
1122 993 1163 1019 se

140 1045 345 1081 Romanus
375 1043 590 1092 Graiusque
619 1051 656 1081 et
684 1044 868 1082 barbarus
897 1043 1146 1093 induperator

139 1104 267 1151 erexit,
295 1118 430 1143 causas
459 1105 690 1159 discriminis
718 1113 835 1155 atque
864 1106 1005 1145 laboris

138 1169 230 1207 inde
259 1169 411 1209 habuit:
439 1177 548 1208 tanto
577 1170 700 1208 maior
725 1171 850 1209 famae
879 1171 960 1210 sitis
989 1178 1046 1210 est
1075 1184 1192 1221 quam
1249 1186 1322 1220 140

138 1233 297 1271 virtutis.
355 1233 442 1282 quis
471 1233 575 1271 enim
602 1234 783 1273 virtutem
813 1235 1059 1284 amplectitur
1086 1236 1221 1285 ipsam,
1241 1246 1276 1278 ri:

138 1296 309 1346 praemia
337 1297 368 1334 si
397 1298 532 1335 tollas?
560 1297 723 1346 patriam
752 1304 883 1336 tamen
913 1299 1039 1336 obruit
1069 1299 1161 1337 olim

138 1361 260 1409 gloria
288 1374 500 1410 paucorum
530 1368 567 1399 et
595 1361 720 1399 laudis
747 1361 926 1411 titulique
954 1362 1099 1412 cupido

138 1423 289 1461 haesuri
317 1423 417 1461 saxis
445 1423 618 1462 cinerum
647 1424 887 1470 custodibus,
917 1425 967 1462 ad
996 1437 1096 1474 quae
1250 1464 1252 1466 .

137 1486 385 1525 discutienda
413 1488 541 1525 valent
571 1487 707 1525 sterilis
736 1489 1008 1535 mla-,robora
1034 1487 1108 1536 fici,
1180 1493 1183 1497 ’
1221 1495 1224 1498 ’
1247 1501 1317 1538 145

137 1551 456 1600 quandoquidem
486 1552 575 1589 data
603 1559 691 1589 sunt
718 1551 811 1601 ipsis
838 1564 996 1601 quoque
1020 1553 1099 1590 fata
1123 1553 1319 1602 sepulcris.

137 1615 314 1664 expende
342 1615 626 1654 Hannibalem:
655 1624 752 1665 quot
780 1616 896 1654 libras
924 1616 961 1654 in
993 1617 1094 1655 duce
1122 1630 1276 1655 summo

136 1678 334 1716 invenies?
361 1678 425 1716 hic
453 1686 521 1726 est,
552 1692 670 1728 quem
698 1692 778 1717 non
808 1679 911 1728 capit
938 1679 1070 1717 Africa
1098 1681 1240 1718 Mauro

136 1755 318 1791 percussa
347 1744 509 1782 Oceano
539 1744 709 1793 Niloque
737 1744 895 1782 admota
923 1743 1071 1793 tepenti

135 1819 261 1844 rursus
280 1808 331 1845 ad
351 1807 589 1875 Aethiopum
608 1808 775 1857 populos
794 1809 972 1857 altosque
992 1809 1192 1848 elefantos.
1245 1821 1319 1859 150

135 1868 290 1907 additur
316 1868 485 1919 imperiis
515 1870 719 1920 Hispania,
750 1873 990 1921 Pyrenaeum

202 2020 259 2051 134
282 2012 405 2042 c÷÷÷³÷de
420 2010 473 2053 P}
497 2011 554 2052 136
577 2012 722 2053 captivos
737 2011 790 2052 Pl
815 2024 873 2051 144
895 2018 992 2055 atque
1008 2015 1058 2046 P:
1081 2015 1121 2046 ad
1139 2021 1287 2057 quaepco
1310 2019 1315 2056 1

137 2073 193 2104 ¹47
229 2065 317 2106 quod
341 2066 391 2096 P:
421 2070 500 2106 quot
522 2065 597 2106 pm}
623 2076 679 2106 149
716 2077 865 2107 percussa
890 2069 967 2100 Pw:
1003 2069 1131 2110 perfusa
1153 2063 1232 2111 pS‘}
1257 2079 1317 2109 150

129 2119 216 2149 altos
239 2120 291 2150 P:
312 2119 393 2151 alios
421 2131 445 2150 ω
469 2121 574 2151 Prisc.
591 2129 628 2152 Vl
647 2130 664 2160 5
683 2120 723 2152 26
