<?xml version="1.0" encoding="UTF-8"?>
<!DOCTYPE html PUBLIC "-//W3C//DTD XHTML 1.0 Transitional//EN"
    "http://www.w3.org/TR/xhtml1/DTD/xhtml1-transitional.dtd">
<html xmlns="http://www.w3.org/1999/xhtml" xml:lang="en" lang="en">
 <head>
  <title>
</title>
<meta http-equiv="Content-Type" content="text/html;charset=utf-8" />
  <meta name='ocr-system' content='tesseract 3.04.00' />
  <meta name='ocr-capabilities' content='ocr_page ocr_carea ocr_par ocr_line ocrx_word'/>
</head>
<body>
  <div class='ocr_page' id='page_1' title='image "./juvenalforschool03juveuoft_0028.png"; bbox 0 0 1444 2413; ppageno 0'>
   <div class='ocr_carea' id='block_1_1' title="bbox 197 154 809 194">
    <p class='ocr_par' dir='ltr' id='par_1_1' title="bbox 197 154 809 194">
     <span class='ocr_line' id='line_1_1' title="bbox 197 154 809 194; baseline -0.007 0"><span class='ocrx_word' id='word_1_1' title='bbox 197 170 242 194; x_wconf 89' lang='lat'>20</span> <span class='ocrx_word' id='word_1_2' title='bbox 751 154 809 190; x_wconf 88' lang='lat' dir='ltr'>XI</span> 
     </span>
    </p>
   </div>
   <div class='ocr_carea' id='block_1_2' title="bbox 177 236 1371 1833">
    <p class='ocr_par' dir='ltr' id='par_1_2' title="bbox 191 236 1371 481">
     <span class='ocr_line' id='line_1_2' title="bbox 192 236 1211 287; baseline -0.005 -8"><span class='ocrx_word' id='word_1_3' title='bbox 192 242 282 279; x_wconf 87' lang='lat' dir='ltr'>hinc</span> <span class='ocrx_word' id='word_1_4' title='bbox 310 241 511 280; x_wconf 84' lang='lat' dir='ltr'>stomacho</span> <span class='ocrx_word' id='word_1_5' title='bbox 538 239 636 277; x_wconf 84' lang='lat' dir='ltr'>vires</span> <span class='ocrx_word' id='word_1_6' title='bbox 645 254 654 287; x_wconf 87' lang='lat'>;</span> <span class='ocrx_word' id='word_1_7' title='bbox 683 251 774 276; x_wconf 83' lang='lat' dir='ltr'>nam</span> <span class='ocrx_word' id='word_1_8' title='bbox 802 250 870 287; x_wconf 91' lang='lat' dir='ltr'>pes</span> <span class='ocrx_word' id='word_1_9' title='bbox 898 244 1101 287; x_wconf 88' lang='lat' dir='ltr'>argenteus</span> <span class='ocrx_word' id='word_1_10' title='bbox 1128 236 1211 284; x_wconf 91' lang='lat' dir='ltr'>illis,</span> 
     </span>
     <span class='ocr_line' id='line_1_3' title="bbox 192 302 1245 354; baseline -0.006 -10"><span class='ocrx_word' id='word_1_11' title='bbox 192 306 328 344; x_wconf 83' lang='lat' dir='ltr'>anulus</span> <span class='ocrx_word' id='word_1_12' title='bbox 356 304 396 343; x_wconf 89' lang='lat' dir='ltr'>in</span> <span class='ocrx_word' id='word_1_13' title='bbox 424 303 546 354; x_wconf 84' lang='lat' dir='ltr'>digito</span> <span class='ocrx_word' id='word_1_14' title='bbox 574 303 680 353; x_wconf 89' lang='lat' dir='ltr'>quod</span> <span class='ocrx_word' id='word_1_15' title='bbox 709 303 861 341; x_wconf 80' lang='lat' dir='ltr'>ferreus.</span> <span class='ocrx_word' id='word_1_16' title='bbox 919 314 1009 351; x_wconf 88' lang='lat' dir='ltr'>ergo</span> <span class='ocrx_word' id='word_1_17' title='bbox 1038 302 1245 350; x_wconf 89' lang='lat' dir='ltr'>superbum</span> 
     </span>
     <span class='ocr_line' id='line_1_4' title="bbox 191 365 1371 416; baseline -0.003 -10"><span class='ocrx_word' id='word_1_18' title='bbox 191 368 394 407; x_wconf 80' lang='lat' dir='ltr'>convivam</span> <span class='ocrx_word' id='word_1_19' title='bbox 423 380 555 413; x_wconf 88' lang='lat' dir='ltr'>caveo,</span> <span class='ocrx_word' id='word_1_20' title='bbox 586 366 652 416; x_wconf 91' lang='lat' dir='ltr'>qui</span> <span class='ocrx_word' id='word_1_21' title='bbox 679 379 742 404; x_wconf 89' lang='lat' dir='ltr'>me</span> <span class='ocrx_word' id='word_1_22' title='bbox 772 365 845 404; x_wconf 87' lang='lat' dir='ltr'>sibi</span> <span class='ocrx_word' id='word_1_23' title='bbox 872 372 1072 414; x_wconf 84' lang='lat' dir='ltr'>comparat</span> <span class='ocrx_word' id='word_1_24' title='bbox 1100 371 1139 403; x_wconf 92' lang='lat' dir='ltr'>et</span> <span class='ocrx_word' id='word_1_25' title='bbox 1165 377 1225 403; x_wconf 89' lang='lat' dir='ltr'>res</span> <span class='ocrx_word' id='word_1_26' title='bbox 1299 377 1371 413; x_wconf 86' lang='lat'>130</span> 
     </span>
     <span class='ocr_line' id='line_1_5' title="bbox 192 428 1123 481; baseline -0.004 -11"><span class='ocrx_word' id='word_1_27' title='bbox 192 432 355 481; x_wconf 78' lang='lat' dir='ltr'>despicit</span> <span class='ocrx_word' id='word_1_28' title='bbox 383 431 548 480; x_wconf 86' lang='lat' dir='ltr'>exiguas.</span> <span class='ocrx_word' id='word_1_29' title='bbox 606 431 706 468; x_wconf 85' lang='lat' dir='ltr'>adeo</span> <span class='ocrx_word' id='word_1_30' title='bbox 734 430 840 467; x_wconf 88' lang='lat' dir='ltr'>nulla</span> <span class='ocrx_word' id='word_1_31' title='bbox 867 428 983 467; x_wconf 85' lang='lat' dir='ltr'>uncia</span> <span class='ocrx_word' id='word_1_32' title='bbox 1009 428 1123 467; x_wconf 91' lang='lat' dir='ltr'>nobis</span> 
     </span>
    </p>

    <p class='ocr_par' dir='ltr' id='par_1_3' title="bbox 191 494 1181 609">
     <span class='ocr_line' id='line_1_6' title="bbox 191 494 1181 535; baseline -0.004 0"><span class='ocrx_word' id='word_1_33' title='bbox 191 504 248 535; x_wconf 84' lang='lat' dir='ltr'>est</span> <span class='ocrx_word' id='word_1_34' title='bbox 276 495 402 535; x_wconf 85' lang='lat' dir='ltr'>eboris</span> <span class='ocrx_word' id='word_1_35' title='bbox 431 508 503 533; x_wconf 90' lang='lat' dir='ltr'>nec</span> <span class='ocrx_word' id='word_1_36' title='bbox 531 495 707 533; x_wconf 91' lang='lat' dir='ltr'>tessellae</span> <span class='ocrx_word' id='word_1_37' title='bbox 734 507 808 532; x_wconf 93' lang='lat' dir='ltr'>nec</span> <span class='ocrx_word' id='word_1_38' title='bbox 836 494 1007 532; x_wconf 90' lang='lat' dir='ltr'>calculus</span> <span class='ocrx_word' id='word_1_39' title='bbox 1035 507 1082 532; x_wconf 89' lang='lat' dir='ltr'>ex</span> <span class='ocrx_word' id='word_1_40' title='bbox 1108 494 1181 531; x_wconf 89' lang='lat' dir='ltr'>hac</span> 
     </span>
     <span class='ocr_line' id='line_1_7' title="bbox 191 556 1094 609; baseline -0.004 -11"><span class='ocrx_word' id='word_1_41' title='bbox 191 560 359 607; x_wconf 84' lang='lat' dir='ltr'>materia,</span> <span class='ocrx_word' id='word_1_42' title='bbox 390 558 484 609; x_wconf 86' lang='lat' dir='ltr'>quin</span> <span class='ocrx_word' id='word_1_43' title='bbox 512 558 595 607; x_wconf 81' lang='lat' dir='ltr'>ipsa</span> <span class='ocrx_word' id='word_1_44' title='bbox 621 556 824 595; x_wconf 78' lang='lat' dir='ltr'>manubria</span> <span class='ocrx_word' id='word_1_45' title='bbox 851 558 1094 595; x_wconf 87' lang='lat' dir='ltr'>cultellorum</span> 
     </span>
    </p>

    <p class='ocr_par' dir='ltr' id='par_1_4' title="bbox 188 620 1366 994">
     <span class='ocr_line' id='line_1_8' title="bbox 191 620 1330 670; baseline -0.003 -8"><span class='ocrx_word' id='word_1_46' title='bbox 191 637 310 662; x_wconf 85' lang='lat' dir='ltr'>ossea.</span> <span class='ocrx_word' id='word_1_47' title='bbox 368 636 448 661; x_wconf 90' lang='lat' dir='ltr'>non</span> <span class='ocrx_word' id='word_1_48' title='bbox 477 629 606 660; x_wconf 83' lang='lat' dir='ltr'>tamen</span> <span class='ocrx_word' id='word_1_49' title='bbox 635 621 694 659; x_wconf 89' lang='lat' dir='ltr'>his</span> <span class='ocrx_word' id='word_1_50' title='bbox 722 622 800 658; x_wconf 88' lang='lat' dir='ltr'>ulla</span> <span class='ocrx_word' id='word_1_51' title='bbox 827 634 1014 670; x_wconf 83' lang='lat' dir='ltr'>umquam</span> <span class='ocrx_word' id='word_1_52' title='bbox 1042 620 1206 659; x_wconf 88' lang='lat' dir='ltr'>obsonia</span> <span class='ocrx_word' id='word_1_53' title='bbox 1233 621 1330 659; x_wconf 88' lang='lat' dir='ltr'>fiunt</span> 
     </span>
     <span class='ocr_line' id='line_1_9' title="bbox 189 684 1366 735; baseline -0.002 -10"><span class='ocrx_word' id='word_1_54' title='bbox 189 687 398 734; x_wconf 83' lang='lat' dir='ltr'>rancidula,</span> <span class='ocrx_word' id='word_1_55' title='bbox 429 693 494 724; x_wconf 89' lang='lat' dir='ltr'>aut</span> <span class='ocrx_word' id='word_1_56' title='bbox 522 685 612 724; x_wconf 91' lang='lat' dir='ltr'>ideo</span> <span class='ocrx_word' id='word_1_57' title='bbox 639 684 749 735; x_wconf 87' lang='lat' dir='ltr'>peior</span> <span class='ocrx_word' id='word_1_58' title='bbox 775 685 916 734; x_wconf 83' lang='lat' dir='ltr'>gallina</span> <span class='ocrx_word' id='word_1_59' title='bbox 943 692 1103 723; x_wconf 85' lang='lat' dir='ltr'>secatur.</span> <span class='ocrx_word' id='word_1_60' title='bbox 1297 698 1340 734; x_wconf 84' lang='lat'>13</span> <span class='ocrx_word' id='word_1_61' title='bbox 1349 698 1366 735; x_wconf 86' lang='lat'><strong>5</strong></span> 
     </span>
     <span class='ocr_line' id='line_1_10' title="bbox 189 749 1243 797; baseline -0.002 -7"><span class='ocrx_word' id='word_1_62' title='bbox 189 753 258 790; x_wconf 91' lang='lat' dir='ltr'>sed</span> <span class='ocrx_word' id='word_1_63' title='bbox 286 765 359 790; x_wconf 89' lang='lat' dir='ltr'>nec</span> <span class='ocrx_word' id='word_1_64' title='bbox 387 758 550 789; x_wconf 85' lang='lat' dir='ltr'>structor</span> <span class='ocrx_word' id='word_1_65' title='bbox 576 750 658 797; x_wconf 91' lang='lat' dir='ltr'>erit,</span> <span class='ocrx_word' id='word_1_66' title='bbox 688 750 751 787; x_wconf 89' lang='lat' dir='ltr'>cui</span> <span class='ocrx_word' id='word_1_67' title='bbox 779 750 918 788; x_wconf 83' lang='lat' dir='ltr'>cedere</span> <span class='ocrx_word' id='word_1_68' title='bbox 946 750 1088 788; x_wconf 89' lang='lat' dir='ltr'>debeat</span> <span class='ocrx_word' id='word_1_69' title='bbox 1116 749 1243 788; x_wconf 91' lang='lat' dir='ltr'>omnis</span> 
     </span>
     <span class='ocr_line' id='line_1_11' title="bbox 190 813 1273 865; baseline -0.001 -12"><span class='ocrx_word' id='word_1_70' title='bbox 190 817 359 864; x_wconf 83' lang='lat' dir='ltr'>pergula,</span> <span class='ocrx_word' id='word_1_71' title='bbox 390 815 580 865; x_wconf 83' lang='lat' dir='ltr'>dicipulus</span> <span class='ocrx_word' id='word_1_72' title='bbox 609 813 797 864; x_wconf 87' lang='lat' dir='ltr'>Trypheri</span> <span class='ocrx_word' id='word_1_73' title='bbox 825 814 1007 862; x_wconf 82' lang='lat' dir='ltr'>doctoris,</span> <span class='ocrx_word' id='word_1_74' title='bbox 1036 821 1130 864; x_wconf 83' lang='lat' dir='ltr'>aput</span> <span class='ocrx_word' id='word_1_75' title='bbox 1156 827 1273 864; x_wconf 88' lang='lat' dir='ltr'>quem</span> 
     </span>
     <span class='ocr_line' id='line_1_12' title="bbox 188 879 1305 930; baseline 0.002 -14"><span class='ocrx_word' id='word_1_76' title='bbox 188 879 338 917; x_wconf 87' lang='lat' dir='ltr'>sumine</span> <span class='ocrx_word' id='word_1_77' title='bbox 367 893 456 917; x_wconf 88' lang='lat' dir='ltr'>cum</span> <span class='ocrx_word' id='word_1_78' title='bbox 485 893 626 929; x_wconf 88' lang='lat' dir='ltr'>magno</span> <span class='ocrx_word' id='word_1_79' title='bbox 654 881 763 929; x_wconf 88' lang='lat' dir='ltr'>lepus</span> <span class='ocrx_word' id='word_1_80' title='bbox 791 887 906 929; x_wconf 86' lang='lat' dir='ltr'>atque</span> <span class='ocrx_word' id='word_1_81' title='bbox 935 893 1027 929; x_wconf 90' lang='lat' dir='ltr'>aper</span> <span class='ocrx_word' id='word_1_82' title='bbox 1053 887 1091 918; x_wconf 93' lang='lat' dir='ltr'>et</span> <span class='ocrx_word' id='word_1_83' title='bbox 1118 893 1305 930; x_wconf 87' lang='lat' dir='ltr'>pygargus</span> 
     </span>
     <span class='ocr_line' id='line_1_13' title="bbox 189 944 1272 994; baseline 0.001 -13"><span class='ocrx_word' id='word_1_84' title='bbox 189 951 225 981; x_wconf 90' lang='lat' dir='ltr'>et</span> <span class='ocrx_word' id='word_1_85' title='bbox 254 944 455 993; x_wconf 86' lang='lat' dir='ltr'>Scythicae</span> <span class='ocrx_word' id='word_1_86' title='bbox 483 945 659 983; x_wconf 80' lang='lat' dir='ltr'>volucres</span> <span class='ocrx_word' id='word_1_87' title='bbox 688 953 726 983; x_wconf 90' lang='lat' dir='ltr'>et</span> <span class='ocrx_word' id='word_1_88' title='bbox 753 944 1082 994; x_wconf 86' lang='lat' dir='ltr'>phoenicopterus</span> <span class='ocrx_word' id='word_1_89' title='bbox 1109 944 1245 994; x_wconf 89' lang='lat' dir='ltr'>ingens</span> <span class='ocrx_word' id='word_1_90' title='bbox 1269 984 1272 988; x_wconf 58' lang='grc'><strong><em>,</em></strong></span> 
     </span>
    </p>

    <p class='ocr_par' dir='ltr' id='par_1_5' title="bbox 187 1009 1368 1113">
     <span class='ocr_line' id='line_1_14' title="bbox 188 1009 1368 1060; baseline -0.001 -14"><span class='ocrx_word' id='word_1_91' title='bbox 188 1016 224 1046; x_wconf 87' lang='lat' dir='ltr'>et</span> <span class='ocrx_word' id='word_1_92' title='bbox 253 1010 440 1047; x_wconf 84' lang='lat' dir='ltr'>Gaetulus</span> <span class='ocrx_word' id='word_1_93' title='bbox 469 1022 562 1060; x_wconf 87' lang='lat' dir='ltr'>oryx</span> <span class='ocrx_word' id='word_1_94' title='bbox 589 1009 720 1048; x_wconf 91' lang='lat' dir='ltr'>hebeti</span> <span class='ocrx_word' id='word_1_95' title='bbox 747 1009 960 1048; x_wconf 83' lang='lat' dir='ltr'>lautissima</span> <span class='ocrx_word' id='word_1_96' title='bbox 986 1011 1086 1048; x_wconf 87' lang='lat' dir='ltr'>ferro</span> <span class='ocrx_word' id='word_1_97' title='bbox 1296 1022 1368 1054; x_wconf 81' lang='grc'>140</span> 
     </span>
     <span class='ocr_line' id='line_1_15' title="bbox 187 1074 1145 1113; baseline 0.002 -3"><span class='ocrx_word' id='word_1_98' title='bbox 187 1074 360 1111; x_wconf 83' lang='lat' dir='ltr'>caeditur</span> <span class='ocrx_word' id='word_1_99' title='bbox 388 1080 425 1112; x_wconf 89' lang='lat' dir='ltr'>et</span> <span class='ocrx_word' id='word_1_100' title='bbox 453 1081 537 1113; x_wconf 85' lang='lat' dir='ltr'>tota</span> <span class='ocrx_word' id='word_1_101' title='bbox 564 1081 677 1113; x_wconf 84' lang='lat' dir='ltr'>sonat</span> <span class='ocrx_word' id='word_1_102' title='bbox 705 1075 834 1113; x_wconf 87' lang='lat' dir='ltr'>ulmea</span> <span class='ocrx_word' id='word_1_103' title='bbox 861 1087 959 1113; x_wconf 86' lang='lat' dir='ltr'>cena</span> <span class='ocrx_word' id='word_1_104' title='bbox 986 1075 1145 1113; x_wconf 83' lang='lat' dir='ltr'>Subura.</span> 
     </span>
    </p>

    <p class='ocr_par' dir='ltr' id='par_1_6' title="bbox 186 1139 1256 1251">
     <span class='ocr_line' id='line_1_16' title="bbox 186 1139 1256 1190; baseline 0 -14"><span class='ocrx_word' id='word_1_105' title='bbox 186 1152 259 1177; x_wconf 85' lang='lat' dir='ltr'>nec</span> <span class='ocrx_word' id='word_1_106' title='bbox 286 1139 447 1177; x_wconf 85' lang='lat' dir='ltr'>frustum</span> <span class='ocrx_word' id='word_1_107' title='bbox 477 1152 637 1190; x_wconf 83' lang='lat' dir='ltr'>capreae</span> <span class='ocrx_word' id='word_1_108' title='bbox 666 1140 884 1178; x_wconf 90' lang='lat' dir='ltr'>subducere</span> <span class='ocrx_word' id='word_1_109' title='bbox 912 1153 986 1178; x_wconf 85' lang='lat' dir='ltr'>nec</span> <span class='ocrx_word' id='word_1_110' title='bbox 1013 1140 1112 1178; x_wconf 83' lang='lat' dir='ltr'>latus</span> <span class='ocrx_word' id='word_1_111' title='bbox 1141 1140 1256 1177; x_wconf 86' lang='lat' dir='ltr'>Afrae</span> 
     </span>
     <span class='ocr_line' id='line_1_17' title="bbox 186 1202 1155 1251; baseline 0.001 -11"><span class='ocrx_word' id='word_1_112' title='bbox 186 1202 292 1241; x_wconf 85' lang='lat' dir='ltr'>novit</span> <span class='ocrx_word' id='word_1_113' title='bbox 319 1203 399 1241; x_wconf 85' lang='lat' dir='ltr'>avis</span> <span class='ocrx_word' id='word_1_114' title='bbox 428 1211 568 1251; x_wconf 87' lang='lat' dir='ltr'>noster,</span> <span class='ocrx_word' id='word_1_115' title='bbox 599 1203 813 1243; x_wconf 86' lang='lat' dir='ltr'>tirunculus</span> <span class='ocrx_word' id='word_1_116' title='bbox 841 1216 887 1242; x_wconf 86' lang='lat' dir='ltr'>ac</span> <span class='ocrx_word' id='word_1_117' title='bbox 913 1203 1019 1242; x_wconf 88' lang='lat' dir='ltr'>rudis</span> <span class='ocrx_word' id='word_1_118' title='bbox 1048 1203 1155 1241; x_wconf 89' lang='lat' dir='ltr'>omni</span> 
     </span>
    </p>

    <p class='ocr_par' dir='ltr' id='par_1_7' title="bbox 184 1267 1107 1317">
     <span class='ocr_line' id='line_1_18' title="bbox 184 1267 1107 1317; baseline 0.002 -13"><span class='ocrx_word' id='word_1_119' title='bbox 184 1275 357 1316; x_wconf 85' lang='lat' dir='ltr'>tempore</span> <span class='ocrx_word' id='word_1_120' title='bbox 385 1275 424 1306; x_wconf 85' lang='lat' dir='ltr'>et</span> <span class='ocrx_word' id='word_1_121' title='bbox 452 1267 610 1317; x_wconf 83' lang='lat' dir='ltr'>exiguae</span> <span class='ocrx_word' id='word_1_122' title='bbox 638 1267 746 1306; x_wconf 89' lang='lat' dir='ltr'>furtis</span> <span class='ocrx_word' id='word_1_123' title='bbox 774 1267 932 1307; x_wconf 91' lang='lat' dir='ltr'>inbutus</span> <span class='ocrx_word' id='word_1_124' title='bbox 960 1268 1107 1307; x_wconf 87' lang='lat' dir='ltr'>ofellae.</span> 
     </span>
    </p>

    <p class='ocr_par' dir='ltr' id='par_1_8' title="bbox 183 1331 1360 1446">
     <span class='ocr_line' id='line_1_19' title="bbox 184 1331 1360 1381; baseline 0 -13"><span class='ocrx_word' id='word_1_125' title='bbox 184 1331 356 1379; x_wconf 89' lang='lat' dir='ltr'>plebeios</span> <span class='ocrx_word' id='word_1_126' title='bbox 384 1331 521 1369; x_wconf 84' lang='lat' dir='ltr'>calices</span> <span class='ocrx_word' id='word_1_127' title='bbox 550 1338 588 1370; x_wconf 90' lang='lat' dir='ltr'>et</span> <span class='ocrx_word' id='word_1_128' title='bbox 615 1331 750 1381; x_wconf 89' lang='lat' dir='ltr'>paucis</span> <span class='ocrx_word' id='word_1_129' title='bbox 778 1331 927 1370; x_wconf 88' lang='lat' dir='ltr'>assibus</span> <span class='ocrx_word' id='word_1_130' title='bbox 957 1339 1108 1381; x_wconf 85' lang='lat' dir='ltr'>emptos</span> <span class='ocrx_word' id='word_1_131' title='bbox 1291 1334 1360 1380; x_wconf 75' lang='lat'>145</span> 
     </span>
     <span class='ocr_line' id='line_1_20' title="bbox 183 1394 1171 1446; baseline 0.004 -15"><span class='ocrx_word' id='word_1_132' title='bbox 183 1394 347 1444; x_wconf 85' lang='lat' dir='ltr'>porriget</span> <span class='ocrx_word' id='word_1_133' title='bbox 375 1394 540 1434; x_wconf 85' lang='lat' dir='ltr'>incultus</span> <span class='ocrx_word' id='word_1_134' title='bbox 568 1409 663 1445; x_wconf 88' lang='lat' dir='ltr'>puer</span> <span class='ocrx_word' id='word_1_135' title='bbox 689 1403 806 1445; x_wconf 86' lang='lat' dir='ltr'>atque</span> <span class='ocrx_word' id='word_1_136' title='bbox 834 1409 858 1434; x_wconf 87' lang='lat' dir='ltr'>a</span> <span class='ocrx_word' id='word_1_137' title='bbox 884 1395 1023 1446; x_wconf 88' lang='lat' dir='ltr'>frigore</span> <span class='ocrx_word' id='word_1_138' title='bbox 1049 1403 1153 1435; x_wconf 86' lang='lat' dir='ltr'>tutus</span> <span class='ocrx_word' id='word_1_139' title='bbox 1160 1411 1171 1444; x_wconf 79' lang='lat'>3</span> 
     </span>
    </p>

    <p class='ocr_par' dir='ltr' id='par_1_9' title="bbox 181 1458 1357 1640">
     <span class='ocr_line' id='line_1_21' title="bbox 183 1458 1290 1512; baseline 0.003 -16"><span class='ocrx_word' id='word_1_140' title='bbox 183 1472 261 1497; x_wconf 89' lang='lat' dir='ltr'>non</span> <span class='ocrx_word' id='word_1_141' title='bbox 290 1460 417 1509; x_wconf 85' lang='lat' dir='ltr'>Phryx</span> <span class='ocrx_word' id='word_1_142' title='bbox 445 1467 511 1497; x_wconf 89' lang='lat' dir='ltr'>aut</span> <span class='ocrx_word' id='word_1_143' title='bbox 542 1460 692 1509; x_wconf 86' lang='lat' dir='ltr'>Lycius.</span> <span class='ocrx_word' id='word_1_144' title='bbox 751 1458 848 1512; x_wconf 90' lang='lat' dir='ltr'>[non</span> <span class='ocrx_word' id='word_1_145' title='bbox 876 1473 900 1498; x_wconf 90' lang='lat' dir='ltr'>a</span> <span class='ocrx_word' id='word_1_146' title='bbox 926 1473 1122 1510; x_wconf 90' lang='lat' dir='ltr'>mangone</span> <span class='ocrx_word' id='word_1_147' title='bbox 1147 1460 1290 1510; x_wconf 85' lang='lat' dir='ltr'>petitus</span> 
     </span>
     <span class='ocr_line' id='line_1_22' title="bbox 182 1523 1357 1577; baseline 0.001 -16"><span class='ocrx_word' id='word_1_148' title='bbox 182 1523 385 1573; x_wconf 84' lang='lat' dir='ltr'>quisquam</span> <span class='ocrx_word' id='word_1_149' title='bbox 414 1524 484 1562; x_wconf 86' lang='lat' dir='ltr'>erit</span> <span class='ocrx_word' id='word_1_150' title='bbox 513 1531 550 1562; x_wconf 90' lang='lat' dir='ltr'>et</span> <span class='ocrx_word' id='word_1_151' title='bbox 577 1523 748 1577; x_wconf 78' lang='lat' dir='ltr'>magno]</span> <span class='ocrx_word' id='word_1_152' title='bbox 789 1538 879 1563; x_wconf 90' lang='lat' dir='ltr'>cum</span> <span class='ocrx_word' id='word_1_153' title='bbox 906 1538 1056 1575; x_wconf 88' lang='lat' dir='ltr'>posces,</span> <span class='ocrx_word' id='word_1_154' title='bbox 1084 1537 1204 1575; x_wconf 90' lang='lat' dir='ltr'>posce</span> <span class='ocrx_word' id='word_1_155' title='bbox 1231 1524 1357 1563; x_wconf 91' lang='lat' dir='ltr'>latine.</span> 
     </span>
     <span class='ocr_line' id='line_1_23' title="bbox 181 1588 1145 1640; baseline 0.004 -15"><span class='ocrx_word' id='word_1_156' title='bbox 181 1588 285 1626; x_wconf 87' lang='lat' dir='ltr'>idern</span> <span class='ocrx_word' id='word_1_157' title='bbox 314 1588 468 1626; x_wconf 86' lang='lat' dir='ltr'>habitus</span> <span class='ocrx_word' id='word_1_158' title='bbox 497 1589 656 1637; x_wconf 90' lang='lat' dir='ltr'>cunctis,</span> <span class='ocrx_word' id='word_1_159' title='bbox 686 1590 790 1628; x_wconf 91' lang='lat' dir='ltr'>tonsi</span> <span class='ocrx_word' id='word_1_160' title='bbox 816 1591 988 1640; x_wconf 88' lang='lat' dir='ltr'>rectique</span> <span class='ocrx_word' id='word_1_161' title='bbox 1016 1590 1145 1640; x_wconf 90' lang='lat' dir='ltr'>capilli</span> 
     </span>
    </p>

    <p class='ocr_par' dir='ltr' id='par_1_10' title="bbox 178 1652 1359 1765">
     <span class='ocr_line' id='line_1_24' title="bbox 179 1652 1359 1704; baseline 0.003 -15"><span class='ocrx_word' id='word_1_162' title='bbox 179 1659 295 1700; x_wconf 86' lang='lat' dir='ltr'>atque</span> <span class='ocrx_word' id='word_1_163' title='bbox 322 1652 440 1690; x_wconf 88' lang='lat' dir='ltr'>hodie</span> <span class='ocrx_word' id='word_1_164' title='bbox 468 1659 618 1691; x_wconf 90' lang='lat' dir='ltr'>tantum</span> <span class='ocrx_word' id='word_1_165' title='bbox 646 1661 802 1704; x_wconf 88' lang='lat' dir='ltr'>propter</span> <span class='ocrx_word' id='word_1_166' title='bbox 828 1654 1005 1693; x_wconf 82' lang='lat' dir='ltr'>convivia</span> <span class='ocrx_word' id='word_1_167' title='bbox 1031 1654 1128 1704; x_wconf 86' lang='lat' dir='ltr'>pexi.</span> <span class='ocrx_word' id='word_1_168' title='bbox 1286 1666 1359 1704; x_wconf 83' lang='lat'>150</span> 
     </span>
     <span class='ocr_line' id='line_1_25' title="bbox 178 1716 1055 1765; baseline 0.003 -12"><span class='ocrx_word' id='word_1_169' title='bbox 178 1716 339 1764; x_wconf 86' lang='lat' dir='ltr'>pastoris</span> <span class='ocrx_word' id='word_1_170' title='bbox 369 1716 453 1754; x_wconf 91' lang='lat' dir='ltr'>duri</span> <span class='ocrx_word' id='word_1_171' title='bbox 480 1717 544 1755; x_wconf 91' lang='lat' dir='ltr'>hic</span> <span class='ocrx_word' id='word_1_172' title='bbox 572 1725 630 1756; x_wconf 90' lang='lat' dir='ltr'>est</span> <span class='ocrx_word' id='word_1_173' title='bbox 657 1719 767 1765; x_wconf 87' lang='lat' dir='ltr'>filius,</span> <span class='ocrx_word' id='word_1_174' title='bbox 796 1718 861 1757; x_wconf 87' lang='lat' dir='ltr'>ille</span> <span class='ocrx_word' id='word_1_175' title='bbox 889 1719 1055 1757; x_wconf 90' lang='lat' dir='ltr'>bubulci.</span> 
     </span>
    </p>

    <p class='ocr_par' dir='ltr' id='par_1_11' title="bbox 177 1779 1145 1833">
     <span class='ocr_line' id='line_1_26' title="bbox 177 1779 1145 1833; baseline 0.005 -16"><span class='ocrx_word' id='word_1_176' title='bbox 177 1779 339 1829; x_wconf 87' lang='lat' dir='ltr'>suspirat</span> <span class='ocrx_word' id='word_1_177' title='bbox 368 1782 486 1830; x_wconf 86' lang='lat' dir='ltr'>longo</span> <span class='ocrx_word' id='word_1_178' title='bbox 514 1794 594 1820; x_wconf 92' lang='lat' dir='ltr'>non</span> <span class='ocrx_word' id='word_1_179' title='bbox 621 1782 742 1821; x_wconf 83' lang='lat' dir='ltr'>visam</span> <span class='ocrx_word' id='word_1_180' title='bbox 770 1790 944 1833; x_wconf 86' lang='lat' dir='ltr'>tempore</span> <span class='ocrx_word' id='word_1_181' title='bbox 972 1791 1145 1830; x_wconf 85' lang='lat' dir='ltr'>matrem,</span> 
     </span>
    </p>
   </div>
   <div class='ocr_carea' id='block_1_3' title="bbox 166 1882 1355 2191">
    <p class='ocr_par' dir='ltr' id='par_1_12' title="bbox 166 1882 1355 2191">
     <span class='ocr_line' id='line_1_27' title="bbox 243 1882 1354 1929; baseline 0.006 -17"><span class='ocrx_word' id='word_1_182' title='bbox 243 1882 301 1913; x_wconf 80' lang='lat'>128</span> <span class='ocrx_word' id='word_1_183' title='bbox 330 1883 411 1914; x_wconf 86' lang='lat' dir='ltr'>vires</span> <span class='ocrx_word' id='word_1_184' title='bbox 441 1885 521 1915; x_wconf 78' lang='lat' dir='ltr'>PS‘:</span> <span class='ocrx_word' id='word_1_185' title='bbox 554 1885 628 1917; x_wconf 89' lang='lat' dir='ltr'>bilis</span> <span class='ocrx_word' id='word_1_186' title='bbox 656 1885 702 1926; x_wconf 81' lang='grc' dir='ltr'>ωΙ</span> <span class='ocrx_word' id='word_1_187' title='bbox 727 1896 786 1927; x_wconf 93' lang='grc'>130</span> <span class='ocrx_word' id='word_1_188' title='bbox 812 1892 977 1928; x_wconf 85' lang='lat' dir='ltr'>comparet</span> <span class='ocrx_word' id='word_1_189' title='bbox 1003 1888 1081 1919; x_wconf 82' lang='lat' dir='ltr'>PS:</span> <span class='ocrx_word' id='word_1_190' title='bbox 1109 1892 1276 1929; x_wconf 86' lang='lat' dir='ltr'>comparat</span> <span class='ocrx_word' id='word_1_191' title='bbox 1303 1899 1327 1918; x_wconf 90' lang='grc' dir='ltr'>ω</span> <span class='ocrx_word' id='word_1_192' title='bbox 1349 1887 1354 1928; x_wconf 85' lang='grc'>1</span> 
     </span>
     <span class='ocr_line' id='line_1_28' title="bbox 179 1936 1355 1982; baseline 0.004 -16"><span class='ocrx_word' id='word_1_193' title='bbox 179 1943 235 1973; x_wconf 77' lang='lat'>132</span> <span class='ocrx_word' id='word_1_194' title='bbox 267 1936 418 1968; x_wconf 88' lang='lat' dir='ltr'>cauculus</span> <span class='ocrx_word' id='word_1_195' title='bbox 444 1938 478 1968; x_wconf 86' lang='lat' dir='ltr'><em>P</em></span> <span class='ocrx_word' id='word_1_196' title='bbox 501 1937 506 1978; x_wconf 87' lang='grc' dir='ltr'>Ι</span> <span class='ocrx_word' id='word_1_197' title='bbox 538 1948 595 1979; x_wconf 88' lang='grc'>133</span> <span class='ocrx_word' id='word_1_198' title='bbox 627 1939 762 1971; x_wconf 82' lang='lat' dir='ltr'>materia</span> <span class='ocrx_word' id='word_1_199' title='bbox 780 1944 851 1980; x_wconf 73' lang='lat' dir='ltr'>pm:</span> <span class='ocrx_word' id='word_1_200' title='bbox 882 1940 1051 1972; x_wconf 88' lang='lat' dir='ltr'>materiam</span> <span class='ocrx_word' id='word_1_201' title='bbox 1076 1939 1129 1982; x_wconf 65' lang='lat' dir='ltr'>Pl</span> <span class='ocrx_word' id='word_1_202' title='bbox 1152 1939 1212 1981; x_wconf 86' lang='grc'>136</span> <span class='ocrx_word' id='word_1_203' title='bbox 1242 1940 1355 1972; x_wconf 88' lang='lat' dir='ltr'>cedere</span> 
     </span>
     <span class='ocr_line' id='line_1_29' title="bbox 166 1989 1352 2035; baseline 0.006 -16"><span class='ocrx_word' id='word_1_204' title='bbox 166 1994 239 2029; x_wconf 72' lang='lat' dir='ltr'>pm:</span> <span class='ocrx_word' id='word_1_205' title='bbox 263 1990 392 2021; x_wconf 90' lang='lat' dir='ltr'>credere</span> <span class='ocrx_word' id='word_1_206' title='bbox 417 1989 472 2032; x_wconf 74' lang='lat' dir='ltr'>Pl</span> <span class='ocrx_word' id='word_1_207' title='bbox 495 1992 553 2031; x_wconf 83' lang='lat'>138</span> <span class='ocrx_word' id='word_1_208' title='bbox 575 1993 700 2024; x_wconf 87' lang='lat' dir='ltr'>sumine</span> <span class='ocrx_word' id='word_1_209' title='bbox 719 1998 794 2034; x_wconf 70' lang='lat' dir='ltr'>pm:</span> <span class='ocrx_word' id='word_1_210' title='bbox 817 2004 931 2025; x_wconf 87' lang='lat' dir='ltr'>sumne</span> <span class='ocrx_word' id='word_1_211' title='bbox 954 1995 1009 2035; x_wconf 70' lang='lat' dir='ltr'>Pl</span> <span class='ocrx_word' id='word_1_212' title='bbox 1032 2003 1088 2033; x_wconf 84' lang='lat'>141</span> <span class='ocrx_word' id='word_1_213' title='bbox 1113 1999 1182 2026; x_wconf 87' lang='lat' dir='ltr'>tota</span> <span class='ocrx_word' id='word_1_214' title='bbox 1207 2005 1267 2027; x_wconf 90' lang='lat' dir='ltr'>om.</span> <span class='ocrx_word' id='word_1_215' title='bbox 1291 1995 1326 2026; x_wconf 89' lang='lat' dir='ltr'><em>P</em></span> <span class='ocrx_word' id='word_1_216' title='bbox 1347 1993 1352 2034; x_wconf 80' lang='grc' dir='ltr'>Ι</span> 
     </span>
     <span class='ocr_line' id='line_1_30' title="bbox 175 2043 1354 2089; baseline 0.006 -16"><span class='ocrx_word' id='word_1_217' title='bbox 175 2053 231 2080; x_wconf 85' lang='lat'>142</span> <span class='ocrx_word' id='word_1_218' title='bbox 256 2053 371 2085; x_wconf 83' lang='lat' dir='ltr'>caprae</span> <span class='ocrx_word' id='word_1_219' title='bbox 388 2043 439 2085; x_wconf 69' lang='lat' dir='ltr'>Pl</span> <span class='ocrx_word' id='word_1_220' title='bbox 464 2044 522 2084; x_wconf 73' lang='lat'>146</span> <span class='ocrx_word' id='word_1_221' title='bbox 548 2057 567 2077; x_wconf 89' lang='lat' dir='ltr'>a</span> <span class='ocrx_word' id='word_1_222' title='bbox 582 2057 642 2078; x_wconf 85' lang='lat' dir='ltr'>om.</span> <span class='ocrx_word' id='word_1_223' title='bbox 660 2048 693 2078; x_wconf 80' lang='lat' dir='ltr'><em>P</em></span> <span class='ocrx_word' id='word_1_224' title='bbox 710 2046 714 2088; x_wconf 90' lang='grc' dir='ltr'>Ι</span> <span class='ocrx_word' id='word_1_225' title='bbox 737 2055 794 2087; x_wconf 83' lang='lat'>147</span> <span class='ocrx_word' id='word_1_226' title='bbox 817 2058 1046 2089; x_wconf 85' lang='lat' dir='ltr'>non—magno</span> <span class='ocrx_word' id='word_1_227' title='bbox 1061 2049 1119 2080; x_wconf 74' lang='lat' dir='ltr'>del.</span> <span class='ocrx_word' id='word_1_228' title='bbox 1142 2049 1242 2086; x_wconf 80' lang='lat' dir='ltr'>Guz&#39;et,</span> <span class='ocrx_word' id='word_1_229' title='bbox 1259 2049 1354 2080; x_wconf 85' lang='lat' dir='ltr'><em>uncis</em></span> 
     </span>
     <span class='ocr_line' id='line_1_31' title="bbox 170 2096 1350 2143; baseline 0.006 -18"><span class='ocrx_word' id='word_1_230' title='bbox 170 2096 244 2126; x_wconf 82' lang='lat' dir='ltr'>incl.</span> <span class='ocrx_word' id='word_1_231' title='bbox 269 2096 382 2138; x_wconf 75' lang='lat' dir='ltr'>Jahn,</span> <span class='ocrx_word' id='word_1_232' title='bbox 402 2098 516 2129; x_wconf 78' lang='lat' dir='ltr'>Herm.</span> <span class='ocrx_word' id='word_1_233' title='bbox 539 2097 544 2139; x_wconf 94' lang='grc' dir='ltr'>Ι</span> <span class='ocrx_word' id='word_1_234' title='bbox 567 2101 623 2138; x_wconf 79' lang='lat'>148</span> <span class='ocrx_word' id='word_1_235' title='bbox 647 2100 680 2131; x_wconf 87' lang='lat' dir='ltr'>in</span> <span class='ocrx_word' id='word_1_236' title='bbox 705 2111 822 2141; x_wconf 79' lang='lat' dir='ltr'>magno</span> <span class='ocrx_word' id='word_1_237' title='bbox 847 2102 921 2133; x_wconf 81' lang='lat' dir='ltr'>PS:</span> <span class='ocrx_word' id='word_1_238' title='bbox 947 2106 979 2133; x_wconf 86' lang='lat' dir='ltr'>et</span> <span class='ocrx_word' id='word_1_239' title='bbox 999 2112 1118 2143; x_wconf 84' lang='lat' dir='ltr'>magno</span> <span class='ocrx_word' id='word_1_240' title='bbox 1140 2113 1164 2133; x_wconf 89' lang='grc' dir='ltr'>ω</span> <span class='ocrx_word' id='word_1_241' title='bbox 1187 2100 1350 2143; x_wconf 74' lang='lat' dir='ltr'>0udend.1</span> 
     </span>
     <span class='ocr_line' id='line_1_32' title="bbox 171 2152 322 2191; baseline 0.007 -10"><span class='ocrx_word' id='word_1_242' title='bbox 171 2161 264 2191; x_wconf 76' lang='lat' dir='ltr'>pasce</span> <span class='ocrx_word' id='word_1_243' title='bbox 290 2152 322 2182; x_wconf 86' lang='grc' dir='ltr'><em>Ρ</em></span> 
     </span>
    </p>
   </div>
  </div>
 </body>
</html>
