1429 2428
668 154 705 190 X
1233 171 1272 197 11

90 247 271 289 coeperat
300 239 470 278 audaces
500 237 606 277 Paris
635 239 840 278 aedificare
869 238 1030 277 carinas.

90 303 205 352 longa
232 302 316 341 dies
344 302 459 352 igitur
486 302 580 352 quid
609 303 802 341 contulit?
832 303 964 342 omnia
992 303 1087 341 vidit
1204 305 1274 354 265

89 378 220 405 eversa
248 374 286 405 et
314 366 478 404 flammis
507 366 640 404 Asiam
671 368 848 415 ferroque
877 368 1091 405 cadentem.

87 439 180 470 tunc
208 432 318 470 miles
346 432 531 471 tremulus
560 431 686 481 posita
714 432 798 469 tulit
828 445 933 469 arma
961 431 1055 470 tiara

86 503 126 535 et
151 495 226 534 ruit
253 504 342 535 ante
371 509 476 534 aram
505 496 646 534 summi
676 496 791 544 Iovis,
822 503 864 535 ut
892 498 1043 535 vetulus
1071 496 1152 541 bos,

86 561 152 611 qui
180 561 329 600 domini
358 561 486 600 cultris
515 568 632 609 tenue
661 568 698 600 et
727 561 943 599 miserabile
972 562 1116 599 collum

84 625 254 674 praebet,
284 625 333 664 ab
362 625 510 674 ingrato
538 624 615 663 iam
643 625 834 663 fastiditus
862 633 996 674 aratro.
1200 614 1274 675 270

86 687 210 727 exitus
237 688 302 727 ille
328 695 540 738 utcumque
568 688 747 736 hominis,
779 689 847 728 sed
877 697 985 727 torva
1013 689 1156 729 canino

85 752 236 792 latravit
263 752 372 800 netu,
402 765 502 802 quae
530 761 618 802 post
647 753 750 790 hunc
779 753 934 799 vixerat,
966 766 1071 792 uxor.

85 817 227 856 festino
257 818 308 856 ad
336 825 489 856 nostros
519 825 557 856 et
585 830 714 866 regern
744 824 898 855 transeo
927 817 1043 856 Ponti

84 889 123 920 et
151 883 353 929 Croesum,
384 895 500 932 quem
529 895 604 920 vox
631 881 721 919 iusti
750 870 918 920 facunda
946 880 1099 920 Solonis

82 946 272 996 respicere
299 947 351 986 ad
378 947 518 996 longae
546 946 654 985 iussit
684 946 808 996 spatia
835 946 969 985 ultima
997 946 1108 985 vitae.
1195 957 1267 996 275

81 1010 238 1049 exilium
266 1018 305 1050 et
333 1023 461 1049 carcer
490 1011 855 1060 Minturnarumque
883 1011 1047 1060 paludes

83 1081 122 1113 et
149 1074 392 1114 mendicatus
420 1074 523 1113 victa
551 1075 786 1124 Carthagine
813 1074 925 1124 panis

82 1137 175 1177 hinc
202 1151 336 1178 causas
364 1139 544 1178 habuere.
603 1139 697 1188 quid
727 1139 794 1178 illo
823 1139 906 1178 eive
934 1138 1082 1178 tulisset

79 1208 216 1239 natura
244 1200 283 1240 in
312 1202 432 1250 terris,
462 1203 558 1252 quid
587 1204 717 1241 Roma
744 1203 896 1241 beatius
924 1216 1123 1253 umquam,

78 1262 111 1302 si
138 1263 405 1304 circumducto
432 1266 674 1315 captivorum
702 1267 856 1316 agmine
884 1274 921 1306 et
950 1267 1057 1305 omni
1192 1270 1266 1305 280

78 1328 268 1368 bellorum
297 1343 444 1380 pompa
471 1330 642 1368 animam
671 1332 888 1371 exhalasset
917 1332 1101 1381 opimam,

77 1406 168 1432 cum
197 1394 247 1433 de
274 1394 496 1433 Teutonico
523 1395 639 1433 vellet
668 1395 906 1435 descendere
935 1397 1078 1434 curru?

76 1458 240 1508 provida
268 1459 458 1508 Pompeio
486 1459 646 1498 dederat
677 1459 893 1509 Campania
919 1460 1044 1499 febres

75 1523 279 1572 optandas,
309 1523 379 1562 sed
406 1524 552 1562 multae
580 1524 695 1562 urbes
724 1531 761 1562 et
789 1524 946 1573 publica
971 1532 1062 1563 vota

76 1586 272 1633 vicerunt3
303 1586 418 1637 igitur
445 1588 597 1626 fortuna
625 1587 746 1637 ipsius
774 1595 813 1627 et
841 1588 945 1627 urbis
1188 1590 1260 1638 285

74 1658 267 1689 servatum
294 1651 399 1691 victo
427 1659 544 1702 caput
573 1652 741 1691 abstulit.
797 1654 874 1691 hoc
902 1652 1075 1701 cruciatu

74 1715 276 1764 Lentulus,
306 1717 380 1754 hac
407 1729 535 1766 poena
563 1716 685 1755 caruit
713 1716 934 1766 ceciditque
963 1717 1160 1766 Cethegus

72 1779 229 1830 integer,
260 1787 298 1818 et
326 1779 445 1819 iacuit
474 1780 643 1821 Catilina
671 1782 858 1820 cadavere
886 1787 980 1819 toto.

34 1834 84 1900 )(
127 1843 310 1881 Formam
340 1851 450 1893 optat
477 1844 636 1883 modico
665 1844 802 1894 pueris,
834 1843 980 1883 maiore
1008 1844 1145 1894 puellis

72 1920 277 1956 murmure,
298 1920 389 1946 curn
409 1908 573 1947 Veneris
593 1909 725 1946 fanum
744 1907 863 1954 videt,
883 1907 997 1945 anxia
1015 1915 1139 1946 mater
1187 1920 1261 1956 ²90

71 1984 196 2022 usque
221 1971 273 2010 ad
301 1971 459 2011 delicias
486 1979 676 2011 votorum.
736 1973 839 2012 ‘Cur
869 1973 1023 2010 tamen’
1052 1970 1176 2021 inquit

133 2115 196 2148 274
218 2107 421 2140 iustificanda
437 2109 488 2140 P:
513 2108 588 2142 iusti
605 2108 742 2141 facunda
751 2113 804 2151 pm
823 2107 829 2152 Ι
848 2110 909 2141 282
934 2109 1100 2142 te*t0nic0
1122 2107 1174 2150 ΡΙ
1197 2109 1258 2140 288

67 2160 213 2195 catillina
227 2162 262 2193 P
