1414 2402
487 149 547 186 XI
601 146 744 184 49-54
1145 161 1159 184 1
1170 160 1188 184 2
1195 160 1216 194 3

40 244 178 266 aureum
194 232 319 271 Baias,
343 230 349 273 Ι
367 231 482 263 Baias
500 230 648 271 superbae
657 230 775 260 blanda
789 230 873 260 dona
890 233 1032 267 naturae,
1057 229 1063 269 Ι
1081 234 1118 259 ut
1133 229 1219 259 mille

37 276 175 313 laudem,
190 276 305 314 Haece,
323 274 466 306 versibus
488 274 614 309 Baias,
635 271 640 314 Ι
659 272 795 304 laudabo
816 272 910 313 digne
931 283 995 303 non
1013 273 1092 303 satis
1111 277 1217 302 tamen

39 319 169 351 Baias.

101 367 242 393 ostiu-:A
263 367 302 392 1v
328 370 383 399 ¹41
408 369 440 391 n.
474 366 545 390 vm
569 357 611 390 86
633 368 664 389 n.
712 358 812 388 Mart.
836 365 860 388 x
886 365 923 397 37
954 367 987 388 11
1015 366 1049 389 12
1082 363 1218 388 ostrea

38 403 320 436 Baianis-..nou
346 402 517 434 liventia
543 401 668 435 testis}
689 399 792 442 lquae
806 400 933 430 domino
948 401 1125 440 puerinon
1140 406 1217 441 pro-

38 447 159 478 hibente
176 450 301 477 vorent.
345 446 426 476 Aus.
449 445 543 486 epist.
567 453 583 483 7
610 453 622 474 1
641 448 741 474 ostrea
759 443 917 474 Baianis
930 443 1092 474 certantia.
1140 453 1160 483 9
1177 452 1219 483 30

39 488 109 529 (the
130 488 237 520 whole
259 498 311 529 ep.
337 488 364 518 is
386 497 429 518 on
452 487 508 518 the
529 486 654 517 habitat
676 486 713 516 of
731 486 866 526 oysters)
887 486 936 516 vel
954 495 1034 526 quae
1055 485 1219 516 Baianis

33 531 174 573 pendent
183 530 360 572 fluitantia
379 530 467 570 pilis.
515 529 564 560 As
585 529 662 560 here
689 528 743 560 the
772 526 898 566 debtor,
925 538 962 559 so
987 528 1042 559 the
1071 527 1217 558 criminal

39 576 67 614 (1
82 575 137 616 49)
152 573 265 614 enjoys
279 572 412 604 himself
423 572 478 603 the
492 581 582 603 more
597 572 631 602 in
646 571 738 602 exile.

101 620 142 648 ⁶0
163 623 308 648 CEDERE
330 622 424 646 FORO
450 621 475 645 x
502 623 540 654 25
561 625 593 645 n.
627 614 710 644 Hor.
733 623 759 644 s.
781 620 809 643 11
833 621 850 651 3
870 613 917 643 18.
942 613 1043 644 schol.
1068 615 1217 644 ‘tantum

39 663 86 691 est
109 659 174 690 illis
193 659 339 690 deserere
360 657 496 698 patriam
519 667 609 687 suam
624 656 676 687 vel
692 656 796 687 forum
813 656 881 694 [the
897 656 1023 691 bourse,
1040 655 1095 686 the
1110 655 1217 686 stock-

40 701 229 742 exchange]‚
255 705 411 742 quantum
437 705 484 731 est
505 699 559 740 qui
580 709 599 730 a
631 698 767 736 Subura,
794 698 1051 739 frequentissima
1073 698 1216 738 regione,

38 744 82 776 ad
107 743 329 776 Diocletianas
356 743 483 783 migret,
505 742 561 773 ubi
590 741 732 772 solitudo
761 741 831 772 est.'
876 741 941 781 dig.
976 748 1040 772 XVI
1066 751 1084 781 3
1117 750 1133 780 7
1159 742 1176 778 ἓ
1199 749 1217 770 2

38 787 154 828 quoties
168 786 254 818 foro
268 785 409 817 cedunt
425 784 652 815 nummularii.
699 784 775 816 Sen.
798 784 872 815 ben.
893 791 930 814 lv
949 792 987 823 39
1003 785 1021 822 ξ
1037 793 1053 813 2
1066 784 1220 824 pecuniae

38 830 134 860 etiam
159 829 242 860 male
267 828 398 859 creditae
417 827 536 858 exactio
564 831 616 864 est,
643 830 674 857 et
701 824 860 867 appellare
882 825 1047 857 debitorem
1073 826 1119 856 ad
1137 825 1219 856 diem

33 877 175 914 possum,
190 875 230 908 et,
244 872 275 902 si
287 870 372 902 soro
393 869 570 906 cesserit,
581 870 758 910 portzbnem
773 869 896 909 seram.
942 869 1048 899 Plaut.
1065 869 1151 909 epid.
1170 876 1181 899 1
1200 879 1217 899 2

44 913 81 946 16
95 913 376 959 mersos...soro.
423 912 550 954 Infhro
565 912 690 943 versari
703 912 731 943 is
745 911 815 942 said
830 911 867 942 of
883 921 945 942 one
961 911 1035 942 who
1051 911 1077 942 is
1092 911 1219 942 solvent

41 957 109 989 Cic.
128 968 162 999 p.
179 957 287 988 Flacc.
304 957 322 994 ξ
339 965 386 996 70.

102 1003 141 1031 51
164 1006 353 1036 ESQUILIAS
375 1005 419 1029 111
437 1006 473 1037 71
491 1008 524 1028 n.
570 997 653 1028 Hor.
673 1007 699 1028 s.
718 1005 728 1028 1
747 997 766 1028 8
786 1007 822 1036 14
839 1007 928 1027 nunc
942 996 1011 1027 licet
1027 996 1221 1037 Esquiliis

40 1042 186 1074 habitare
205 1041 440 1073 salubribus.
484 1040 588 1071 hence
611 1041 776 1080 Augustus
796 1039 885 1071 Suet.
912 1048 950 1079 72
974 1049 1066 1080 aeger
1079 1040 1115 1070 in
1130 1039 1222 1069 domo

40 1084 236 1116 Maecenatis
250 1085 308 1124 [on
324 1083 379 1115 the
395 1082 540 1124 Esquil.]
554 1082 697 1113 cubabat.

105 1134 289 1159 rmvmn
313 1134 459 1157 sunum
481 1125 535 1157 the
559 1126 684 1157 Subura
701 1125 738 1163 (v
758 1123 816 1156 106
832 1134 862 1155 n.
883 1131 908 1155 x
928 1122 987 1163 156
1003 1123 1052 1162 n.)
1067 1134 1142 1155 was
1165 1124 1221 1154 the

40 1170 154 1201 bim'est
177 1174 250 1211 part
271 1168 309 1200 of
326 1168 455 1200 ancient
477 1168 585 1199 Rome
610 1167 666 1207 (111
692 1176 710 1207 5
730 1177 763 1198 n.
784 1167 882 1198 Mart.
904 1174 928 1196 v
945 1166 1010 1205 η),
1029 1166 1107 1197 with
1123 1177 1221 1206 many

40 1213 140 1254 shops
163 1213 274 1250 (Mart.
301 1219 357 1243 vu
389 1220 425 1251 31
460 1220 480 1250 9
507 1220 573 1251 seq.
600 1209 757 1251 quicquid
774 1210 891 1240 vilicus
925 1209 1042 1240 Umber
1069 1213 1128 1239 aut
1159 1209 1220 1239 Ca-

40 1256 142 1294 lenus,
164 1254 170 1296 Ι
187 1259 247 1286 aut
262 1254 359 1286 Tusci
367 1253 427 1285 tibi
445 1253 614 1284 Disculz've
623 1253 765 1289 mittunt,
789 1250 795 1292 Ι
815 1252 891 1283 ...id
901 1257 964 1282 tola
980 1251 1064 1282 mihi
1076 1252 1225 1282 nascilur

42 1298 205 1372 Sugura.
248 1297 294 1328 id.
319 1304 345 1328 x
368 1306 409 1339 94
433 1296 462 1336 5)
486 1296 552 1327 and
574 1295 719 1327 brothels
740 1295 842 1333 (Pers.
858 1302 881 1324 v
898 1304 947 1335 32.
984 1295 1082 1325 Mart.
1105 1301 1143 1324 vl
1167 1293 1221 1325 66.

42 1348 82 1372 xx
126 1351 137 1372 ι
156 1349 186 1379 3.
212 1341 252 1380 78
271 1340 334 1378 η).

105 1386 146 1414 52
169 1390 252 1414 ILLE
273 1382 355 1413 both
376 1382 409 1412 in
430 1380 538 1412 Greek
563 1380 627 1411 and
650 1380 747 1411 Latin
771 1390 791 1410 a
812 1385 926 1410 neuter
949 1389 1108 1420 pronoun,
1127 1378 1222 1409 when

41 1425 96 1458 the
111 1424 236 1466 subject
250 1424 289 1456 of
305 1435 325 1455 a
342 1429 502 1460 sentence,
519 1423 611 1454 tal-:es
628 1421 682 1463 (by
698 1423 882 1461 attraction)
902 1422 955 1453 the
970 1422 1092 1462 gender
1116 1421 1151 1452 of
1167 1422 1224 1452 the

41 1468 231 1510 predicate3
259 1467 336 1498 here
361 1466 411 1498 sor
438 1466 525 1496 illud
548 1466 651 1496 solum
679 1465 828 1503 (caruisse
847 1463 905 1504 sc.)
931 1475 979 1495 we
1002 1465 1084 1495 have
1106 1465 1159 1494 ille
1178 1465 1223 1504 by

41 1511 214 1543 attraction
236 1516 270 1542 to
290 1509 387 1548 dolor,
409 1508 473 1540 and
493 1508 551 1539 illa
571 1508 615 1549 by
629 1508 800 1539 attraction
819 1513 853 1538 to
869 1507 1038 1537 maestitia.
1084 1506 1222 1546 Quintil.

42 1560 68 1584 x
92 1562 107 1585 1
131 1555 149 1592 5
174 1563 242 1585 112.
269 1562 287 1593 3
309 1553 326 1591 ἓ
353 1561 400 1591 17.
449 1550 554 1581 Plaut.
577 1556 664 1591 capt.
689 1560 750 1590 750
769 1550 819 1581 vis
833 1550 927 1581 haec
942 1550 1069 1590 quidem
1084 1549 1222 1579 herclest.

43 1595 84 1628 cf.
109 1594 254 1628 Caesar’s
276 1605 331 1636 cry
352 1594 447 1625 when
469 1593 606 1624 assailed
629 1594 672 1633 by
694 1593 744 1623 his
766 1593 946 1624 murderers
969 1592 1058 1624 Suet.
1081 1593 1120 1623 82
1148 1592 1223 1622 ista

41 1638 167 1680 quidem
182 1638 233 1670 vis
245 1642 298 1669 est.
345 1637 413 1669 Cic.
434 1636 516 1667 Phil.
538 1645 555 1666 2
571 1638 588 1674 ξ
605 1647 644 1676 54
660 1636 682 1666 l.
701 1646 717 1666 2
734 1646 765 1667 n.

106 1684 146 1712 53
167 1688 272 1712 Ant-10
287 1679 352 1711 abl.
369 1690 405 1710 as
422 1688 470 1719 72.

105 1729 342 1755 CIRCENSIBUS
376 1729 402 1752 Χ
438 1723 476 1753 81
509 1731 542 1752 n.
577 1721 659 1752 Plin.
689 1731 741 1762 ep.
780 1727 818 1750 lx
851 1718 871 1750 6
896 1730 988 1750 omne
1018 1719 1076 1750 hoc
1103 1723 1225 1760 tempus

43 1766 130 1797 inter
135 1766 315 1807 pugillares
328 1775 366 1796 ac
381 1764 499 1795 libellos
514 1764 744 1794 iucundissima
759 1763 857 1804 quiete
870 1762 1049 1792 transmisi.
1099 1763 1107 1778 ‘
1117 1772 1224 1802 quem-

43 1807 236 1839 admodum’
267 1808 376 1849 inquis
405 1807 456 1837 ‘in
485 1806 562 1837 urbe
584 1805 753 1847 potuisti?
808 1805 1004 1836 circenses
1030 1809 1134 1840 erant,
1162 1815 1226 1844 quo

39 1860 154 1892 genere
171 1850 338 1892 spectaculi
349 1860 390 1881 ne
408 1849 564 1880 levissime
583 1848 709 1889 quidem
733 1853 844 1878 teneor.
892 1847 979 1878 nihil
991 1857 1121 1885 novum,
1139 1847 1227 1877 nihil

43 1893 187 1929 varium,
217 1893 304 1924 nihil
333 1892 419 1934 quod
443 1902 510 1922 non
538 1891 632 1922 semel
656 1895 804 1931 spectasse
831 1889 974 1930 sufficiat.
1032 1899 1093 1930 quo
1122 1889 1226 1930 magis

45 1936 160 1974 miror,
185 1939 231 1967 tot
253 1935 346 1966 milia
366 1935 516 1966 virorum
539 1938 607 1966 tam
632 1933 804 1974 pueriliter
825 1931 995 1962 identidem
1020 1937 1129 1972 cupere
1152 1942 1223 1962 cur-

46 1982 148 2010 rentes
175 1987 273 2019 equos,
296 1978 476 2008 insistentes
496 1976 645 2007 curribus
668 1975 808 2006 homines
835 1975 950 2009 videre,
976 1979 1037 2006 etc.
1085 1974 1155 2005 Iuv.
1185 1981 1223 2004 vx

46 2021 151 2061 85—7
174 2021 335 2052 inmemor
352 2020 412 2051 illa
429 2019 541 2050 domus
560 2023 589 2049 et
608 2018 752 2058 coniugis
769 2021 865 2058 atque
877 2017 993 2048 sororis
1013 2015 1018 2058 Ι
1035 2017 1089 2048 nil
1094 2016 1228 2057 patriae

46 2059 194 2098 inducia,
212 2063 434 2104 plorantesque
451 2061 594 2101 improba
625 2065 726 2099 natos,
750 2058 755 2100 1
773 2065 892 2101 utque
911 2059 1033 2100 magis
1055 2064 1222 2100 stupeas,

45 2105 161 2138 ludos
176 2105 433 2146 Paridemque
447 2103 622 2145 reliquit.
967 2129 971 2134 .

110 2150 152 2180 54
165 2154 365 2180 SANGunus
379 2154 404 2178 x
421 2155 494 2187 30¹·
523 2153 594 2177 xm
614 2155 684 2184 242.
