1454 2413
205 157 275 192 130
651 143 708 180 XI
764 141 928 179 97—104

200 228 329 268 capita
353 228 560 259 asellorum
586 227 664 258 vite
695 227 858 267 alligata
882 227 1114 265 habuerunt,
1149 227 1378 268 significan-

200 277 257 301 tes
281 271 517 301 suavitatem
542 271 709 309 [?asinum
725 270 822 300 vitem
839 271 919 311 conj.
939 270 1083 309 Reines.]
1106 270 1273 301 invenisse.

264 317 303 344 98
328 321 466 344 LASCIVI
492 313 628 353 playsul:
653 313 691 343 cs.
710 321 772 343 XIV
795 312 851 343 168
867 324 934 353 seq.

264 363 371 386 RURIS
396 363 542 386 ALUININI
571 356 624 386 the
649 356 793 386 children
818 356 916 390 (slave
942 355 1081 396 perhaps
1104 365 1140 386 as
1162 355 1236 386 well
1259 365 1294 386 as
1314 354 1380 386 free

203 406 267 429 XIV
289 398 422 436 168—0)
444 398 578 439 romped
596 398 690 428 while
707 398 760 428 tlIe
782 399 926 428 warriors
944 398 1041 428 dined
1065 398 1153 429 Suet.
1172 398 1224 429 CI.
1243 407 1281 437 32
1299 398 1378 428 Tor-

201 441 320 471 rentius
343 441 505 471 adhibebat
520 442 609 471 omni
629 452 720 471 cenae
740 446 767 471 et
781 441 890 471 libs-ros
905 451 975 470 suos
990 451 1060 470 cnm
1079 440 1191 481 pueris
1203 440 1382 481 puellisque

201 484 361 521 nobilibus,
395 484 452 524 qui
480 494 582 514 more
613 484 735 514 veteri
765 484 811 514 ad
835 483 958 514 fulcra
980 483 1169 514 lectorum
1201 483 1381 514 sedentes

200 532 458 557 vescerentur.
506 526 543 556 cf.
565 526 735 566 Agesilaos
758 527 904 566 equitans
927 527 961 556 in
983 526 1168 556 harundine
1186 527 1279 565 longa
1302 525 1380 556 with

199 569 248 598 his
264 569 328 608 boy
352 569 423 599 Ael.
441 569 508 599 v.h.
527 576 580 599 XII
602 579 647 607 15,
676 569 781 599 where
802 579 855 599 are
877 568 943 599 like
960 568 1054 600 frisks
1076 568 1111 599 of
1130 568 1302 606 Herakles,
1322 568 1379 600 So-

202 612 308 642 krates
324 613 387 641 and
405 611 575 651 Archytas.
614 612 694 642 VM.
712 620 781 642 VIII
800 613 827 642 8.

263 657 320 684 100
345 662 454 684 RUDIs
477 663 521 685 ET
541 662 670 684 GRAIAs
689 662 820 684 MIRARI
841 662 990 684 NESCIUS
1006 661 1120 684 ARTES
1141 661 1184 684 111
1200 652 1238 684 61
1257 663 1323 694 seq.
1344 663 1374 684 n.

201 705 268 727 VIII
292 707 502 727 100—110n.
550 697 618 727 Liv.
641 705 715 726 XXV
739 707 779 736 40
802 698 817 734 ξ
839 707 849 727 I
878 704 940 727 B.C.
962 706 1020 727 212
1048 696 1230 731 Marcellus,
1257 701 1295 726 ut
1317 707 1381 726 non

201 740 288 769 modo
302 750 394 769 suam
407 740 554 779 gloriam,
574 740 627 769 secl
638 740 729 769 etiam
747 740 938 769 maiestatem
954 739 1069 779 papuli
1083 739 1224 769 Romani
1241 743 1378 779 augeret,

199 787 389 812 ornamenta
406 782 501 819 urbis,
520 783 611 822 signa
628 783 819 822 tabulasque,
839 782 952 822 quibus
971 782 1179 812 abundabant
1195 782 1377 821 Syracusae,

201 825 337 854 Romam
358 825 490 855 dwexz'l.
536 827 585 862 §2
609 826 681 854 inde
696 826 842 865 primum
868 825 1001 854 initium
1027 824 1193 854 mirandi
1217 824 1381 855 Graeca-

200 878 279 897 rum
311 868 451 898 artium
486 878 603 907 opera
625 867 824 907 licentiaeque
845 867 918 897 lmic
940 877 1031 897 sacra
1052 866 1255 907 profanaque
1274 867 1382 897 omnia

199 911 292 949 vulgo
316 910 477 950 spoliandi
490 910 620 949 jactum
646 915 696 947 est,
731 920 810 950 quae
836 914 993 949 postremo
1020 909 1055 940 in
1082 910 1244 940 Romanos
1273 909 1378 939 deos...

198 953 299 982 vertit.
351 953 433 983 Cato
450 953 491 983 ib.
514 961 631 983 XXXIV
649 964 667 991 4
688 963 713 983 e.
721 963 751 993 g⁴
770 954 785 990 5
801 965 821 991 4
840 952 963 992 influa,
991 952 1074 982 mihi
1089 952 1207 989 credite,
1232 952 1324 992 signa
1344 951 1383 982 ab

200 995 368 1034 Syracusis
394 995 487 1025 illata
510 999 588 1025 sunt
612 996 685 1025 lzztic
711 995 793 1024 urbs.
840 995 913 1024 iam
946 995 1062 1025 nimis
1096 995 1238 1025 multos
1265 994 1382 1025 audio

200 1038 381 1068 Corinthi
413 1042 448 1068 et
479 1038 720 1068 Athenarum
752 1043 980 1068 ornamenta
1009 1037 1215 1068 laudantes
1246 1038 1382 1067 miran-

200 1087 345 1121 tesque,
371 1086 406 1111 et
429 1080 603 1111 antefixa
627 1080 771 1111 fictilia
794 1081 951 1110 deorum
977 1080 1236 1110 Romanorum
1259 1080 1382 1110 riden-

200 1129 268 1153 tes.
319 1123 494 1163 Contempt
519 1123 554 1154 of
573 1123 627 1153 the
652 1123 714 1153 fine
738 1129 802 1153 arts
825 1123 908 1152 Aen.
926 1130 964 1153 VI
983 1122 1160 1162 842—854.
1207 1122 1291 1153 Vell.
1314 1129 1325 1152 I
1347 1133 1382 1162 13

199 1167 232 1203 ἐξ
250 1178 269 1204 4
288 1174 304 1205 5
329 1167 514 1196 lllummius
536 1170 601 1196 lam
626 1166 731 1196 rudis
745 1165 826 1205 filit,
855 1169 891 1194 ut
908 1170 998 1205 capla
1019 1165 1174 1196 Corintho
1198 1165 1276 1203 [B.C.
1298 1164 1380 1204 146]‚

198 1219 270 1238 cum
303 1209 553 1239 maximorum
577 1209 773 1238 artificum
798 1208 993 1248 perfectas
1023 1208 1200 1238 manibus
1231 1207 1384 1238 tabulas

199 1261 240 1281 ac
264 1256 417 1281 statuas
439 1252 474 1281 in
490 1251 625 1281 ltaliam
640 1251 818 1290 portandas
834 1251 954 1286 locaret,
975 1250 1092 1280 iubmt
1103 1250 1250 1290 praedici
1268 1250 1383 1281 condu-

198 1294 346 1331 centibus,
366 1295 396 1323 si
409 1305 458 1324 eas
466 1294 685 1333 perdidissent,
703 1304 801 1324 novas
815 1304 874 1323 esse
889 1293 1077 1323 reddituros.

266 1339 326 1366 102
350 1345 418 1366 VIII
442 1346 616 1367 102—110.

267 1387 485 1409 FRANGEBAT
513 1379 559 1409 18.

268 1425 326 1452 103
351 1429 529 1451 PI—IALERIS
561 1429 624 1451 XVI
650 1420 690 1451 60
714 1431 749 1452 n.
794 1421 865 1451 Liv.
895 1428 976 1451 XXII
1003 1430 1040 1460 52
1066 1421 1083 1458 ἓ
1107 1429 1123 1460 5
1149 1419 1185 1451 of
1207 1420 1261 1451 the
1285 1420 1385 1461 booty

202 1464 300 1495 taken
316 1469 348 1494 at
367 1464 498 1494 Cannae
521 1465 550 1494 si
570 1464 650 1504 quid
669 1464 829 1504 argenti,
856 1464 941 1504 quod
951 1463 1136 1504 plurimum
1153 1463 1188 1493 in
1211 1463 1385 1503 phaleris

199 1517 215 1538 e
227 1517 388 1548 quorum
412 1510 501 1543 erat;
524 1517 601 1537 nam
618 1507 662 1536 ad
674 1507 855 1536 vescendum
864 1506 956 1546 jacto
971 1507 1155 1547 perengum
1180 1506 1288 1546 utique
1302 1507 1384 1537 mili-

198 1554 310 1586 tantes,
331 1549 510 1579 utebantur.

269 1600 448 1623 PI—IALERIS
473 1599 670 1622 GAUDERET
693 1599 781 1622 Ecos
806 1591 888 1621 Plin.
906 1599 976 1621 VIII
998 1592 1015 1628 ἓ
1035 1600 1070 1622 12
1094 1590 1188 1621 when
1203 1590 1385 1622 Antiochus

197 1645 264 1666 was
282 1635 389 1675 trying
405 1645 423 1665 a
441 1634 511 1664 ford
528 1634 613 1664 Aiax
634 1635 689 1673 [an
706 1634 881 1674 elephant]‚
905 1634 979 1664 who
1000 1633 1169 1664 otherwise
1191 1634 1310 1673 always
1333 1634 1385 1664 led

198 1678 253 1708 the
280 1688 352 1715 van,
378 1677 467 1717 hung
485 1677 577 1707 back.
627 1682 696 1707 tum
715 1677 964 1716 pronuntiatum
985 1677 1052 1706 cius
1068 1676 1144 1716 fore
1161 1676 1384 1716 principatum

197 1721 255 1761 qui
272 1720 448 1754 transisset,
465 1730 642 1760 ausumque
656 1719 840 1750 Patroclum
862 1719 896 1749 ob
916 1719 953 1748 id
975 1718 1150 1759 phaleris
1177 1719 1383 1758 argenteis,

198 1773 274 1804 quo
299 1763 464 1792 maxime
487 1763 667 1802 gaudent,
694 1767 722 1792 et
737 1763 853 1802 reliquo
868 1761 958 1792 omni
964 1761 1115 1801 primatu
1129 1761 1270 1792 donavit.

263 1809 323 1835 104
352 1813 552 1835 ROMULEAE
576 1812 786 1835 SIMULACRA
810 1812 927 1834 FERAE
951 1808 1032 1834 Aen.
1060 1811 1130 1834 VIII
1155 1803 1280 1843 630-4.
1302 1802 1384 1835 from

198 1848 329 1878 Ennius
347 1846 514 1887 (Servius),
540 1848 735 1887 description
752 1847 788 1877 of
808 1847 861 1877 the
877 1846 981 1877 shield
997 1846 1092 1876 made
1108 1846 1151 1886 by
1167 1846 1292 1877 Vulcan
1304 1846 1384 1886 fece-

197 1895 258 1920 rat
273 1895 301 1920 et
320 1890 422 1920 viridi
430 1890 536 1930 fetam
561 1891 721 1920 lllawrtis
743 1890 779 1919 in
803 1893 898 1919 antro
916 1887 921 1929 l
935 1889 1138 1929 procubuisse
1158 1889 1300 1929 lupam;
1325 1899 1383 1930 ge-

197 1944 229 1963 m
242 1933 329 1963 inos
345 1933 418 1963 lzm'c
434 1933 527 1963 ubera
543 1933 663 1962 circum
685 1931 688 1972 Ι
707 1933 813 1962 ludere
821 1931 989 1972 pendentes
996 1936 1111 1971 pueros
1126 1936 1155 1962 et
1168 1931 1302 1962 lambere
1317 1942 1383 1962 ma-

196 1981 275 2006 trem
305 1979 308 2015 Ι
328 1975 506 2016 inpavidos,
534 1976 624 2005 illam
648 1975 738 2005 tercii
759 1975 871 2004 cervice
891 1974 1006 2014 reflexa
1025 1972 1028 2014 Ι
1050 1974 1182 2004 mulcere
1198 1974 1336 2004 alternos
1356 1978 1386 2004 et

197 2024 326 2060 corpora
347 2018 474 2058 fingere
498 2018 622 2057 lingna.
669 2025 736 2048 B.c.
755 2016 814 2057 296
831 2017 900 2048 Liv.
921 2024 945 2047 x
962 2027 977 2047 z
983 2027 1000 2056 3
1017 2017 1034 2054 ἓ
1053 2027 1088 2047 12
1117 2016 1170 2047 the
1197 2016 1316 2047 aediles
1342 2017 1390 2047 ad

193 2061 297 2102 ficum
319 2061 513 2090 ruminalem
531 2061 705 2090 simulacra
727 2060 907 2099 infantium
929 2059 1126 2089 conditorum
1144 2059 1232 2089 urbis
1246 2059 1302 2089 sub
1317 2060 1384 2090 ube-

198 2103 285 2133 ribus
305 2102 422 2143 lupae
441 2107 630 2142 posuerunt.
676 2103 748 2133 The
765 2102 843 2132 wolf
855 2102 881 2132 is
897 2102 960 2132 still
978 2101 1150 2141 preserved
1166 2101 1199 2132 in
1216 2101 1270 2133 the
1287 2101 1383 2142 Capi-

197 2146 300 2177 toline
332 2155 487 2176 museum.
536 2146 623 2176 Eum
651 2145 755 2176 Rome
788 2145 850 2175 and
883 2144 936 2176 the
963 2144 1153 2185 Campagna
1186 2154 1254 2184 157.
1302 2145 1378 2176 dict.
