1414 2402
656 138 714 175 XI
1227 153 1267 176 21

91 233 130 264 et
157 225 325 263 casulam
355 232 392 262 et
420 231 535 262 notos
564 223 678 261 tristis
707 223 900 262 desiderat
928 224 1089 270 haedos,

91 288 245 340 ingenui
273 289 402 326 vultus
430 300 525 337 puer
553 287 787 336 ingenuique
815 289 984 338 pudoris,

90 353 223 403 quales
251 364 334 390 esse
364 352 489 396 decet,
519 363 617 400 quos
645 352 784 389 ardens
813 365 981 401 purpura
1008 352 1131 391 vestit.
1200 366 1268 403 155

89 414 153 453 hic
179 414 250 453 tibi
277 413 366 452 vina
393 413 500 452 dabit
529 413 668 451 diffusa
696 413 732 451 in
764 414 964 453 montibus
992 414 1078 463 illis,
1200 430 1270 467 159

89 490 112 517 a
139 477 279 528 quibus
307 476 389 526 ipse
418 477 535 523 venit,
565 489 730 526 quorum
760 478 831 515 sub
860 478 1003 517 vertice
1032 480 1120 518 lusit
1129 494 1140 527 3
1200 483 1271 518 160

89 539 275 593 [namque
303 553 380 578 una
407 547 524 589 atque
553 540 690 578 cadem
719 547 776 578 est
804 540 882 579 vini
912 541 1033 591 patria
1061 551 1178 592 atque
1206 543 1271 580 mi-

193 602 330 656 nistri.]
1206 615 1209 618 '

89 668 247 707 forsitan
273 675 466 718 expectes,
496 675 538 706 ut
567 668 762 707 Gaditana
790 682 935 709 canoro

88 732 272 783 incipiant
299 733 442 783 prurire
471 734 590 772 choro
619 735 832 783 plausuque
861 736 1046 785 probatae

88 796 138 834 ad
164 803 305 835 terram
333 797 498 835 tremulo
527 797 769 835 descendant
797 798 911 835 clune
940 799 1104 847 puellae,

89 857 279 912 [spectant
307 860 383 898 hoc
410 867 556 909 nuptae
583 859 689 898 iuxta
716 861 926 900 recubante
955 862 1103 910 marito,
1198 867 1265 914 165

87 923 195 973 quod
222 923 367 973 pudeat
395 936 547 961 narrare
575 923 743 973 aliquem
772 926 1039 974 praesentibus
1067 926 1188 980 ipsis]

86 1000 166 1026 non
194 987 297 1037 capit
324 988 392 1026 has
420 1001 542 1038 nugas
571 988 725 1026 humilis
755 989 905 1027 domus.
954 990 1086 1028 audiat
1114 991 1177 1030 ille
1196 1004 1261 1039 171

86 1059 270 1090 testarum
298 1052 465 1102 crepitus
493 1065 582 1090 cum
609 1052 746 1099 verbis,
778 1053 927 1091 nudum
957 1055 1063 1093 olido
1093 1063 1196 1094 stans

86 1115 230 1154 fornice
258 1116 494 1166 mancipium
523 1116 664 1166 quibus
692 1116 869 1164 abstinet,
898 1117 962 1156 ille
991 1119 1136 1157 fruatur

86 1180 244 1219 vocibus
273 1181 452 1219 obscenis
480 1181 663 1230 omnique
691 1180 861 1219 libidinis
889 1190 981 1230 arte,

85 1245 151 1294 qui
177 1244 532 1283 Lacedaemonium
559 1244 764 1294 pytismate
792 1245 954 1284 lubricat
981 1247 1134 1295 orbem3
1194 1260 1262 1298 175

85 1322 254 1359 namque
282 1309 336 1348 ibi
363 1310 540 1348 fortunae
568 1309 720 1348 veniam
750 1311 897 1348 damus.
954 1311 1038 1350 alea
1066 1312 1197 1361 turpis,

84 1382 194 1424 turpe
221 1382 259 1413 et
287 1374 520 1413 adulterium
548 1373 809 1412 mediocribus
817 1388 827 1422 3
856 1375 953 1413 haec
981 1376 1119 1414 eadem
1148 1377 1200 1415 illi

83 1438 217 1477 omnia
242 1451 332 1476 cum
360 1437 516 1485 faciunt,
546 1438 684 1476 hilares
712 1437 902 1487 nitidique
929 1447 1125 1478 vocantur.

83 1509 213 1541 nostra
241 1502 390 1541 dabunt
417 1501 514 1540 alios
541 1501 659 1540 hodie
687 1501 865 1540 convivia
892 1502 1025 1542 ludos:

82 1566 261 1606 conditor
288 1566 434 1605 Iliados
461 1565 680 1605 cantabitur
706 1573 822 1615 atque
852 1567 1025 1607 Maronis
1190 1572 1261 1607 180

82 1629 235 1669 altisoni
264 1629 422 1669 dubiam
450 1629 632 1668 facientia
659 1630 830 1668 carmina
856 1632 1036 1680 palmam.

81 1694 176 1745 quid
203 1695 327 1742 refert,
357 1695 452 1733 tales
479 1707 610 1733 versus
639 1707 716 1744 qua
743 1707 839 1733 voce
868 1696 1066 1745 legantur?

133 1760 211 1799 Sed
237 1772 343 1797 nunc
371 1758 497 1798 dilatis
525 1766 652 1798 averte
682 1758 836 1809 negotia
864 1759 963 1797 curis

80 1830 119 1862 et
145 1831 294 1873 gratam
322 1823 494 1873 requiem
522 1823 628 1861 dona
655 1823 738 1870 tibi,
769 1823 927 1872 quando
956 1822 1087 1861 licebit

80 1901 149 1938 per
173 1893 299 1926 totum
326 1900 475 1926 cessare
503 1887 617 1926 diem.
674 1900 755 1925 non
782 1887 924 1925 fenoris
952 1888 1031 1925 ulla
1185 1890 1254 1938 185

146 1986 204 2019 159
226 1977 279 2009 hic
295 1982 364 2019 pm:
392 1977 468 2009 hinc
493 1978 551 2009 PS
566 1976 571 2019 Ι
596 1977 650 2009 161
676 1978 823 2019 spurium
838 1982 938 2008 censet
954 1978 1071 2009 Ilcz‘nr.
1093 1975 1098 2019 Ι
1121 1977 1176 2019 165
1198 1979 1256 2011 166

75 2036 145 2073 post
161 2041 220 2074 159
236 2036 367 2072 ponunt
388 2035 502 2073 §post
521 2031 580 2064 160
596 2035 625 2062 S·
639 2037 711 2073 post
729 2031 785 2063 162
804 2035 834 2062 S·
847 2035 920 2073 post
937 2042 990 2072 171
1017 2035 1128 2074 S‘post
1149 2043 1211 2065 200
1226 2036 1256 2064 S·

77 2097 138 2117 om.
159 2089 190 2117 S·
209 2084 214 2127 Ι
236 2084 292 2125 165
316 2091 502 2127 exspectant
518 2085 571 2127 ΡΙ
595 2094 649 2125 171
675 2086 791 2118 audeat
807 2086 885 2126 PS}
909 2087 966 2125 178
988 2086 1108 2117 faciunt
1132 2089 1179 2117 S‘:
1209 2087 1254 2118 fa-

76 2140 162 2172 ciant
176 2139 237 2172 Ps-
255 2139 261 2182 Ι
283 2140 342 2172 180
356 2140 527 2172 condi*tur
540 2140 592 2172 P:
613 2139 803 2172 conducitur
816 2140 845 2172 S
860 2138 866 2181 1
888 2141 946 2179 184
962 2140 1079 2171 licebat
1094 2141 1129 2171 P
