1444 2413
144 165 188 189 12
711 154 748 190 X

142 237 374 287 ‘corripias?
403 239 565 288 pulchra
595 240 739 288 gaudet
768 240 920 278 Latona
951 238 1102 277 Diana.’

140 302 209 341 sed
237 311 341 342 vetat
368 304 491 353 optari
520 304 659 342 faciem
689 304 879 351 Lucretia,
910 305 1064 353 qualem

141 366 223 415 ipsa
250 367 409 415 habuit;
434 375 592 417 cuperet
622 368 778 406 Rutilae
798 368 979 418 Verginia
1006 368 1165 417 gibbum

140 431 314 481 accipere
333 440 450 482 atque
470 447 578 472 suam
600 434 758 473 Rutilae
778 436 880 473 dare.
934 434 1034 472 filius
1053 441 1182 472 autem
1252 445 1322 484 295

140 496 311 544 corporis
339 497 479 546 egregii
507 497 667 536 miseros
695 499 945 548 trepidosque
973 505 1150 546 parentes

141 572 294 609 semper
322 561 463 599 habet:
494 575 577 600 rara
605 570 662 600 est
691 563 791 601 adeo
819 561 1030 600 concordia
1057 562 1203 600 formae

142 631 259 673 atque
287 625 508 674 pudicitiae.
566 634 721 665 sanctos
749 627 841 665 licet
868 626 1023 664 horrida
1051 638 1177 664 mores

141 688 341 727 tradiderit
369 691 508 728 domus
537 704 583 729 ac
611 699 758 730 veteres
788 691 936 729 imitata
965 690 1142 737 Sabinos,

141 761 339 801 praeterea
366 763 514 792 castum
543 755 740 804 ingenium
768 757 996 805 vultumque
1023 756 1204 794 modesto
1251 767 1328 804 300

143 817 328 867 sanguine
357 820 568 857 ferventem
596 820 739 858 tribuat
766 827 903 858 natura
930 818 1099 868 benigna

142 881 246 930 larga
272 882 541 932 manu—quid
569 883 673 921 enim
701 897 824 933 puero
853 884 1025 921 conferre
1055 889 1183 932 potest
1215 884 1301 932 plus

142 943 305 982 custode
333 951 371 982 et
400 958 491 982 cura
518 953 655 984 natura
681 946 876 995 potentior
904 945 1009 984 omni
1022 946 1092 982 ?—

143 1019 223 1044 non
251 1006 340 1044 licet
369 1020 453 1046 esse
481 1008 561 1047 viro
577 1022 587 1055 3
621 1022 711 1047 narn
739 1008 901 1058 prodiga
928 1007 1158 1056 corruptoris

143 1070 368 1120 improbitas
397 1072 501 1121 ipsos
529 1074 645 1112 audet
673 1081 862 1123 temptare
889 1080 1090 1123 parentes:
1253 1085 1326 1123 305

143 1142 251 1173 tanta
278 1135 318 1173 in
347 1137 571 1175 muneribus
599 1137 752 1175 fiducia.

143 1200 156 1238 i
182 1214 287 1239 nunc
315 1210 352 1240 et
380 1202 529 1241 iuvenis
558 1203 687 1252 specie
715 1203 857 1241 laetare
885 1203 952 1250 tui,
982 1217 1101 1254 quem
1254 1214 1331 1252 310

144 1264 290 1302 maiora
318 1273 544 1315 exspectant
572 1265 819 1304 discrimina:
848 1267 913 1304 fiet
941 1267 1093 1305 adulter

143 1329 322 1379 publicus
351 1337 389 1368 et
417 1343 564 1379 poenas
592 1338 749 1377 metuet,
781 1344 1046 1381 quascumque
1075 1330 1200 1369 mariti

144 1394 294 1444 exigere
322 1394 449 1440 iratist,
481 1408 554 1433 nec
583 1395 653 1433 erit
679 1395 827 1433 felicior
854 1403 957 1434 astro

145 1457 294 1505 Martis,
314 1465 357 1496 ut
376 1457 416 1495 in
434 1459 595 1507 laqueos
613 1471 827 1507 numquam
847 1458 1001 1497 incidat.
1065 1458 1182 1508 exigit
1201 1466 1332 1497 autem

144 1522 338 1560 interdum
366 1522 430 1561 ille
459 1523 570 1561 dolor
596 1524 684 1572 plus
713 1536 831 1572 quam
859 1524 921 1561 lex
949 1525 1028 1561 ulla
1055 1523 1180 1562 dolori
1253 1534 1328 1573 315

145 1586 337 1624 concessit
353 1600 364 1634 3
393 1595 508 1625 necat
536 1586 599 1624 hic
627 1588 737 1634 ferro,
768 1594 874 1625 secat
901 1587 964 1626 ille
993 1587 1160 1626 cruentis

144 1650 378 1689 verberibus.
848 1680 856 1688 .
969 1680 977 1688 .

145 1715 215 1754 sed
244 1721 332 1752 tuus
362 1715 586 1765 Endymion
615 1716 780 1754 dilectae
808 1716 873 1754 fiet
901 1715 1053 1754 adulter

208 1849 270 1882 293
294 1841 416 1882 optari*
441 1842 476 1873 P
491 1841 496 1882 Ι
516 1851 577 1883 294
589 1842 734 1883 virginea
745 1842 779 1872 P
794 1839 799 1882 1
819 1851 878 1882 295
892 1841 933 1872 ad
945 1851 1028 1882 quae
1044 1841 1078 1872 P
1093 1838 1098 1882 1
1119 1849 1180 1882 299
1193 1839 1332 1872 Sabinos

149 1895 199 1926 P:
222 1895 359 1926 Sabinas
378 1906 402 1925 ω
420 1893 424 1936 l
446 1906 508 1935 300
531 1896 680 1926 modesto
695 1896 745 1926 P:
767 1895 949 1925 modestum
959 1899 1010 1934 pm
1028 1893 1032 1935 Ι
1055 1904 1112 1934 3οῐ
1141 1893 1331 1934 sanguinem

146 1949 197 1979 P:
218 1948 433 1989 sanguinepw
453 1951 457 1989 1
479 1958 539 1988 304
558 1949 626 1979 viro
646 1949 752 1989 Jahn,
773 1949 909 1979 Herma
931 1948 1016 1979 viros
1031 1949 1086 1979 P:
1107 1947 1184 1979 viris
1201 1959 1225 1978 ω
1243 1946 1248 1989 Ι
1270 1956 1330 1987 3¹²

146 1999 252 2030 mariti
279 2000 406 2041 exigere
427 2000 530 2032 iratist
549 2002 695 2032 M‘unro:
724 2001 831 2031 mariti
847 2001 974 2041 exigere
1000 2001 1072 2031 irati
1102 2000 1239 2031 Gronov.
1267 2000 1328 2031 obs.

148 2061 176 2084 11
198 2063 254 2092 14:
277 2053 385 2084 mariti
400 2054 528 2093 exigere
546 2054 618 2085 irati
636 2054 756 2085 debent
773 2063 810 2084 w:
827 2054 934 2085 mariti
950 2054 1077 2094 exigere
1093 2053 1140 2084 ira
1155 2058 1261 2094 potest
1278 2056 1327 2084 S':

147 2106 270 2138 maritis
297 2106 385 2137 iratis
408 2107 505 2138 debet
528 2108 648 2147 Rigalt,
666 2107 771 2148 Jahn,
798 2108 935 2138 Herm..-
957 2107 1090 2138 maritus
1113 2107 1212 2147 exigit
1227 2107 1326 2138 iratus

147 2160 318 2201 Farnaby:
341 2160 447 2191 mariti
464 2160 536 2191 irati
557 2161 652 2192 debet
676 2162 710 2191 P
