1414 2402
491 139 549 177 XI
607 137 795 176 145—150
1159 152 1172 176 1
1183 152 1228 189 37

119 234 244 260 mums
265 232 409 258 Assmus
430 233 571 258 meros
595 227 692 258 Mart.
715 234 755 258 1x
777 236 817 268 59
839 236 877 258 22
893 236 977 258 asse
992 226 1070 258 duos
1084 226 1231 258 calices

51 277 155 302 emit.

116 315 174 344 146
205 319 387 344 INCULTUS
418 318 513 342 PUER
539 311 616 343 Sen.
647 316 751 353 tranq.
789 321 801 343 1
835 313 852 350 ἓ
884 320 900 352 7
921 312 1026 353 placet
1054 312 1232 344 minister

52 355 224 387 incultus
253 360 290 386 et
320 354 426 385 rudis
456 355 628 385 vernula.
685 355 782 386 Mart.
817 362 839 385 v
870 354 911 386 66
942 364 961 395 9
995 364 1032 385 10
1062 365 1116 386 uec
1145 360 1232 386 tener

50 397 203 439 Argolica
225 397 342 428 missus
362 397 399 428 de
415 401 509 438 genle
530 397 691 436 minister,
713 400 718 438 Ι
736 397 791 428 sed
811 397 899 428 stetit
921 397 1058 428 inculti
1083 398 1230 429 rustica

51 440 165 472 turba
181 440 268 471 soci.

114 491 139 514 Α
158 490 316 514 FRIGORE
336 489 455 513 TUTUS
472 489 484 512 1
501 491 552 523 93.
578 489 617 513 xx
634 481 673 514 68
686 482 770 523 quid
781 483 885 513 dicam
901 482 1039 523 scapulis
1048 487 1228 523 puerorum

49 525 201 567 aquilone
218 524 412 556 Decembri?
457 532 499 555 111
528 534 586 563 170
612 535 644 555 n.
690 533 754 555 Χῐν
785 526 918 564 185--8.
964 526 1105 565 wearing
1128 536 1226 557 warm

49 569 114 600 and
137 578 248 600 coarse
270 567 424 608 clothing‚
445 573 510 605 not,
530 567 597 598 like
619 578 638 598 a
662 567 795 599 savorite
820 578 901 608 page
924 567 956 598 in
979 578 998 598 a
1017 575 1107 609 great
1128 568 1228 600 house

50 612 110 649 (111
131 609 189 642 186
205 621 273 652 seq.
290 617 313 639 v
337 609 376 649 56
397 620 464 650 seq.
487 620 519 640 n.
544 611 641 641 Mart.
666 618 718 641 VII
743 612 784 641 80
806 614 849 652 9),
871 611 1006 651 rustling
1028 611 1061 641 in
1083 611 1172 648 silks,
1192 621 1230 642 or

49 653 167 685 naked.
212 653 252 684 cf.
283 653 338 684 the
367 653 459 683 boast
489 652 526 683 of
552 653 591 683 C.
625 653 800 691 Gracchus,
829 653 999 693 rendering
1024 663 1064 684 an
1092 660 1228 685 account

49 695 86 727 of
101 697 151 727 his
173 695 430 727 administration
453 695 491 726 of
510 695 659 726 Sardinia
682 695 765 727 Gell.
791 703 839 726 xv
863 706 896 726 12
920 698 937 733 ἓ
957 706 973 726 2
998 706 1097 736 neque
1118 697 1227 737 pueri

48 738 191 770 eximia
210 738 226 769 s
227 738 309 770 acie
328 738 454 768 stabant
468 742 498 768 et
518 738 554 768 in
569 739 715 769 convivio
730 739 824 769 liberi
838 739 937 769 vestri
952 739 1120 769 modestius
1134 744 1229 770 erant

47 792 146 822 quam
161 781 252 822 apud
257 781 436 821 princtpz'a.

112 827 170 855 147
194 831 318 854 Pfflwx
341 831 416 854 AUT
439 830 566 854 wenis
588 830 612 854 v
635 821 674 863 56
695 834 728 854 n.
749 823 824 854 flos
841 823 969 855 Asiae.
1014 824 1125 864 Eurip.
1146 825 1226 855 Alk.

48 865 108 906 675
147 865 209 906 676
240 865 265 896 ὦ
293 866 359 903 παῖ,
394 863 449 895 τίν’
479 867 592 904 αὐχεῖς,
626 867 743 905 πότερα.
773 867 873 896 Λυδὸν
901 866 921 903 ἥ
951 867 1080 906 Φρύγα.
1101 866 1105 907 Ι
1125 868 1227 898 κακοῖς

47 907 187 952 ἐλαύιςειν
211 909 478 948 ἀργυρώνητον
499 910 606 946 σέθεν;
630 909 844 949 paroemiogr.
870 917 880 940 Ι
903 917 941 950 95
969 909 1107 940 Leutsch
1129 911 1228 949 Φρὺξ

47 952 124 991 ἀνὴρ
146 953 281 991 πληγεὶς
303 951 433 988 ἀμείνων
456 952 505 981 καὶ
530 952 767 991 διακονέστερος.
813 953 920 991 νωθροὶ
943 950 1007 991 ’γάρ
1030 953 1171 982 δοκοῦσιν
1198 954 1227 983 οἱ

46 995 190 1033 Φρύγες
219 994 347 1024 οἰκέται.
393 994 446 1024 On
477 993 531 1024 the
560 994 687 1025 various
718 994 845 1025 nations
875 994 957 1025 from
988 994 1093 1025 which
1123 995 1226 1026 slaves

47 1047 130 1068 were
147 1037 296 1078 brought,
315 1035 357 1067 cf.
375 1043 386 1067 1
409 1045 467 1075 104
483 1046 513 1067 n.
553 1044 576 1066 v
595 1047 632 1076 53
649 1047 680 1067 n.
700 1036 739 1075 56
756 1047 785 1067 n.
836 1045 887 1067 vn
909 1046 944 1076 15
962 1047 993 1067 n.
1016 1037 1051 1068 16
1067 1047 1098 1068 n.

111 1087 293 1110 MANGONE
309 1078 350 1110 cf.
376 1086 387 1109 1
408 1088 462 1109 111
482 1089 512 1110 n.
563 1079 638 1109 Sen.
656 1089 706 1120 ep.
725 1081 765 1110 80
780 1081 796 1117 ξ
812 1078 831 1109 6
847 1090 1056 1120 mangones
1072 1080 1230 1121 quicquid

44 1126 90 1153 est
110 1122 197 1163 quod
218 1122 392 1162 displiceat,
425 1121 536 1161 aliquo
559 1121 714 1152 lenocinio
742 1122 941 1152 abscondunt
948 1132 961 1153 .·
991 1123 1098 1163 itaque
1123 1134 1224 1154 emen-

45 1165 131 1195 libus
155 1169 346 1195 ornamenta
376 1164 443 1204 ipsa
467 1168 605 1204 suspecta
631 1169 732 1195 sunt:
760 1165 827 1195 sive
854 1175 929 1195 crus
957 1165 1136 1205 adligatum
1159 1167 1226 1197 sive

45 1207 229 1237 bracchium
247 1206 429 1247 adspiceres,
449 1207 575 1236 nudari
594 1207 713 1238 iuberes
727 1211 757 1237 et
771 1207 877 1247 ipsum
893 1208 954 1238 tihi
967 1213 1078 1247 empus
1091 1209 1223 1239 ostendi.

44 1249 84 1281 cs.
106 1250 202 1280 Mart.
222 1257 276 1280 Vll
295 1250 336 1279 80
353 1258 373 1289 9
387 1249 580 1289 Mizvlenaci
595 1260 699 1280 roseus
714 1250 916 1290 mangonis
931 1250 1069 1290 ephebus.

109 1295 236 1347 148,1=:r
256 1299 387 1322 MAGNO
410 1299 433 1322 v
462 1290 501 1331 56
525 1302 558 1322 n.
585 1292 687 1323 schol.
715 1293 848 1333 ‘quales
874 1293 1016 1324 vendunt
1042 1303 1114 1324 care
1134 1303 1223 1325 man-

44 1344 73 1366 ci
99 1345 167 1365 aru.

77 1345 97 1376 p
111 1384 245 1416 PoscEs,
263 1384 370 1408 POSCE
391 1376 458 1408 Cic.
485 1376 575 1408 Verr.
596 1384 607 1407 1
629 1378 646 1415 ἓ
666 1376 706 1408 66
722 1382 886 1418 poscunt
901 1377 1080 1409 maioribus
1086 1379 1222 1420 poculis.

47 1420 129 1451 Hor.
150 1430 175 1451 s.
195 1427 221 1450 11
239 1421 257 1451 8
274 1428 313 1459 35
329 1424 358 1450 et
371 1419 479 1449 calices
495 1420 620 1460 poscit
639 1420 783 1451 maiores.

107 1469 245 1493 LATlNE
265 1467 324 1492 not
345 1462 378 1492 in
402 1461 510 1493 Greek
533 1470 575 1492 111
595 1460 632 1493 61
652 1473 681 1493 n.
728 1471 765 1493 Vl
787 1463 950 1505 185—199
967 1473 994 1494 e.
1002 1474 1032 1504 g.
1051 1474 1128 1494 nam
1144 1466 1228 1506 quid

43 1505 222 1542 rancidius,
247 1515 347 1546 quam
370 1505 457 1545 quod
474 1514 505 1534 se
525 1515 589 1535 non
607 1509 706 1545 putat
731 1505 800 1536 ulla
820 1504 824 1546 Ι
834 1505 1024 1546 formosam,
1051 1507 1120 1537 nisi
1143 1519 1224 1548 quae

42 1548 80 1578 de
107 1547 210 1578 Tusca
234 1546 428 1578 Graecula
442 1547 535 1587 sacta
564 1547 634 1578 est?
653 1547 658 1586 Ι
680 1549 829 1579 ...omnia
852 1558 1003 1589 graece.
1048 1549 1184 1589 Quintil.
1211 1559 1222 1582 1

50 1600 83 1621 12
113 1591 130 1628 §
160 1599 180 1630 9
209 1589 381 1620 noviciis
410 1589 557 1621 nostris
579 1595 643 1631 per
676 1595 754 1631 quot
787 1601 891 1622 annos
923 1601 1048 1623 sermo
1078 1592 1224 1625 lat-inus

43 1643 81 1664 re
117 1634 259 1673 ugnat!

88 1642 164 1706 p149
181 1682 275 1706 mim
292 1682 452 1706 HABITUS
467 1684 520 1706 see
535 1674 590 1706 the
605 1675 773 1707 wardrobe
789 1675 827 1707 of
844 1686 863 1707 a
877 1676 1030 1707 delicatus
1045 1678 1079 1708 in
1095 1677 1176 1710 Stat.
1196 1689 1222 1710 s.

44 1725 71 1748 n
93 1727 105 1748 1
130 1719 284 1757 128—35.

105 1767 214 1791 TONSI
239 1761 335 1791 Mart.
363 1767 403 1791 lx
434 1758 474 1799 36
501 1770 533 1791 11
560 1759 621 1790 tibi
644 1760 675 1791 si
702 1761 825 1791 dederit
851 1761 964 1791 vullm
992 1772 1079 1793 coma
1110 1768 1223 1795 tonsa

43 1802 191 1833 viriles.
235 1801 313 1834 Sen.
337 1812 388 1843 ep.
417 1812 475 1844 119
497 1803 514 1840 ἓ
541 1813 577 1840 14
603 1803 633 1832 si
649 1803 812 1843 pertinere
833 1804 878 1834 acl
904 1808 933 1834 te
962 1804 1093 1844 iudicas,
1123 1817 1222 1847 quam

43 1844 208 1876 crinitus
229 1850 317 1886 puer
337 1849 368 1876 et
387 1855 486 1886 quam
500 1845 707 1886 perlucidum
729 1846 791 1876 tibi
803 1847 958 1886 poculum
971 1849 1132 1889 porrigat,
1157 1860 1222 1881 non

42 1887 126 1918 sitis.

108 1937 213 1960 RECTI
232 1934 290 1960 not
305 1929 415 1961 curled
432 1929 508 1961 Sen.
526 1940 576 1970 ep.
597 1939 636 1970 95
653 1931 670 1968 ἓ
688 1941 727 1969 ²4
743 1935 868 1962 transeo
882 1931 1017 1972 agmina
1031 1933 1221 1965 exoletorum

35 1977 100 2013 per
123 1972 267 2002 nationes
287 1972 461 2013 coloresque
481 1973 647 2012 descripta,
675 1977 712 2003 ut
732 1973 836 2004 eadem
859 1974 1008 2005 omnibus
1033 1976 1146 2007 levitas
1167 1978 1218 2015 sit,

41 2018 145 2046 eadem
162 2015 291 2055 primae
311 2025 464 2045 mensura
486 2015 669 2055 lanuginis,
692 2016 796 2046 eadem
819 2017 930 2056 species
954 2018 1157 2058 capillorum,
1182 2031 1221 2051 ne

43 2057 127 2099 quis,
144 2057 200 2087 cui
214 2057 359 2088 rectior
373 2061 418 2087 est
431 2068 530 2094 coma,
549 2057 702 2098 crispulis
717 2058 898 2089 misceatur.

107 2103 166 2130 150
187 2106 270 2130 PEXI
294 2106 332 2130 VI
356 2098 395 2131 26
419 2108 471 2140 27.
516 2100 595 2132 Tac.
619 2100 651 2132 d.
679 2109 720 2131 20
747 2100 916 2143 (metaph.)
945 2102 1140 2145 impexam
1162 2115 1220 2135 an-

42 2143 234 2184 tique'tatem.
