1429 2428
685 139 722 175 X
1281 158 1302 193 3

112 218 276 268 agminis
305 218 431 258 officia
459 227 497 258 et
526 221 658 260 niveos
687 223 737 261 ad
767 224 873 262 frena
902 225 1082 274 Quirites,
1253 241 1299 279 45

113 283 268 322 defossa
295 283 335 321 in
363 284 500 323 loculis
530 298 629 335 quos
658 290 831 336 sportula
859 290 949 328 fecit
978 291 1133 330 amicos.

111 354 194 386 tum
224 360 380 398 quoque
409 349 609 388 materiam
637 350 733 389 risus
762 352 909 392 invenit
937 355 987 392 ad
1016 356 1142 394 omnis

109 424 291 451 occursus
319 414 534 462 hominum,
565 417 674 454 cuius
703 418 910 466 prudentia
938 416 1127 459 monstrat

108 489 281 516 summos
308 490 423 527 posse
450 478 550 517 viros
579 487 618 519 et
645 493 786 531 magna
813 485 993 533 exempla
1021 485 1180 525 daturos

107 552 312 578 vervecum
342 541 380 579 in
409 542 531 591 patria
558 556 766 594 crassoque
795 547 865 584 sub
895 560 982 586 aere
1011 549 1127 587 nasci.
1250 563 1298 600 50

105 594 255 642 ridebat
283 617 394 643 curas
423 617 496 644 nec
524 618 604 645 non
634 614 672 645 et
699 608 843 657 gaudia
871 610 985 660 vulgi,
1193 615 1196 618 '

106 667 300 706 interdum
329 677 367 707 et
395 670 583 716 lacrimas,
614 684 704 709 cum
735 673 930 712 Fortunae
958 674 1040 723 ipse
1070 675 1212 714 minaci

104 731 305 770 mandaret
333 732 516 782 laqueum
545 734 800 784 mediumque
828 738 1051 777 ostenderet
1080 752 1262 789 unguem.

103 807 193 844 ergo
222 808 461 845 supervacua
488 805 556 836 aut
585 804 629 836 ut
654 800 873 848 perniciosa
901 810 1095 851 petuntur,

101 867 257 909 propter
284 872 385 909 quae
413 861 469 899 sas
498 868 556 900 est
582 875 711 911 genua
739 863 910 904 incerare
939 867 1134 907 deorum?
1243 881 1261 919 5
1270 881 1288 919 5

139 923 358 972 .Quosdarn
385 926 613 976 praecipitat
641 928 815 967 subiecta
842 931 1018 980 potentia
1045 945 1209 983 magnae

99 987 276 1028 invidiae.
334 990 470 1040 mergit
498 992 614 1041 longa
642 1000 759 1042 atque
776 993 947 1044 'insignis
977 997 1173 1036 honorum

98 1051 247 1101 pagina,
279 1051 523 1092 descendunt
551 1062 701 1094 statuae
729 1064 950 1108 restemque
978 1068 1206 1109 sequuntur,

98 1116 199 1166 ipsas
227 1117 371 1156 deinde
399 1126 502 1157 rotas
530 1119 704 1169 bigarum
733 1120 885 1170 inpacta
917 1124 1061 1162 securis

97 1180 225 1220 caedit
253 1189 292 1220 et
319 1181 505 1221 inmeritis
534 1184 758 1233 franguntur
786 1198 895 1224 crura
923 1187 1104 1227 caballis:
1235 1193 1286 1228 60

95 1242 173 1282 iam
201 1244 363 1284 stn'dent
390 1245 510 1296 ignes,
540 1246 617 1285 iam
644 1249 800 1287 follibus
828 1258 947 1299 atque
975 1252 1137 1291 caminis

94 1309 204 1348 ardet
232 1309 434 1348 adoratum
462 1313 612 1361 populo
641 1321 758 1362 caput
787 1321 825 1352 et
854 1323 987 1365 crepat
1015 1316 1152 1366 ingens

93 1371 281 1421 Seianus;
310 1373 455 1413 deinde
483 1387 532 1413 ex
559 1375 658 1415 facie
686 1384 772 1416 toto
800 1379 895 1418 orbe
924 1382 1096 1420 secunda

92 1435 191 1474 fiunt
218 1436 363 1476 urceoli
390 1439 522 1488 pelves
551 1447 702 1489 sartago
730 1443 917 1482 matellae.

91 1510 195 1548 pone
223 1499 332 1538 domi
360 1501 500 1551 laurus,
531 1502 610 1541 duc
638 1503 677 1542 in
707 1505 902 1555 Capitolia
929 1521 1114 1559 magnum
1230 1514 1277 1562 65

90 1570 358 1613 cretatumque
386 1565 552 1607 bovem:
583 1567 746 1607 Seianus
775 1569 930 1609 ducitur
957 1585 1061 1612 unco

24 1635 36 1658 f
88 1628 349 1676 spectandus3
379 1631 553 1680 gaudent
589 1644 737 1672 omnes.
796 1635 931 1683 ‘Quae
959 1637 1078 1685 labra,
1108 1637 1194 1688 quis
1223 1640 1276 1678 illi

88 1690 215 1728 vultus
243 1693 353 1730 erat?
384 1705 610 1743 numquam,
641 1695 673 1734 si
701 1695 795 1745 quid
824 1698 919 1736 mihi
946 1699 1081 1748 credis,
1112 1702 1238 1740 amavi

86 1752 192 1792 hunc
209 1753 427 1794 hominem!
447 1758 518 1795 sed
537 1770 616 1807 quo
635 1759 777 1798 cecidit
797 1761 868 1799 sub
889 1761 1074 1801 crimine?
1093 1762 1272 1812 quisnam

85 1816 263 1857 delator?
289 1818 429 1868 quibus
457 1820 665 1871 indicibus,
692 1836 771 1873 quo
800 1831 897 1864 teste
924 1826 1151 1876 probavit?’
1223 1840 1270 1877 70

141 1928 182 1959 50
196 1920 367 1952 verbecum
382 1922 433 1952 P:
447 1932 618 1955 vervecum
627 1929 679 1965 pm
698 1923 703 1966 Ι
723 1934 762 1965 54
777 1931 833 1958 aut
849 1931 884 1958 ut
899 1927 1043 1959 Mzmro:
1056 1933 1112 1960 aut
1124 1929 1175 1961 vel
1187 1931 1267 1962 Doc-

82 1972 202 2004 derlein
224 1974 316 2005 reden
336 1985 369 2005 u.
386 1975 469 2016 auss.
493 1985 521 2008 11
538 1987 618 2017 310:
645 1984 701 2010 aut
720 1980 797 2011 Pw:
826 1981 877 2012 vel
899 1982 964 2012 cod.
988 1983 1103 2014 Dresd.
1125 1985 1162 2015 D
1188 1986 1265 2026 183:

85 2034 141 2062 aut
164 2041 205 2062 ne
222 2052 231 2061 .
249 2052 258 2061 ·
273 2037 424 2073 petantur
445 2034 640 2067 Lachmann
661 2034 667 2076 Ι
685 2044 723 2077 55
749 2036 888 2069 incerate
910 2039 1052 2080 Madvzjg
1071 2045 1138 2082 opp.
1158 2048 1188 2072 11
1214 2051 1263 2079 21,

81 2082 198 2124 Jahn:
224 2083 368 2117 incerare
388 2085 467 2128 ΡωΙ
489 2096 529 2129 59
559 2088 680 2120 intacta
702 2090 730 2120 S
744 2088 750 2130 Ι
770 2088 811 2130 64
841 2092 991 2125 matellae
1017 2093 1074 2124 Ss-
1087 2106 1094 2125 :
1126 2094 1264 2134 patellae

81 2138 142 2169 Ps-
160 2137 167 2179 1
186 2145 227 2178 7ο
248 2138 376 2171 indiciis
393 2143 423 2171 S·
439 2139 446 2182 Ι
466 2142 617 2182 probabit
633 2143 684 2174 P:
706 2143 855 2185 probavit
865 2150 917 2186 pm

1059 2214 1152 2237 1—2
