1454 2413
207 149 223 174 1
235 150 247 173 1
257 149 281 182 4
650 135 689 172 X
742 143 933 183 362—366

204 210 268 241 and
292 209 346 241 the
369 210 430 240 last
458 208 537 249 king
563 207 600 239 of
626 208 770 249 Assyria.
815 208 972 240 Moderns
1001 208 1056 247 (O.
1091 208 1222 244 Mtiller,
1253 209 1383 241 Movers

203 254 280 291 etc.)
298 252 365 283 find
381 252 414 282 in
429 251 497 282 him
512 252 567 283 the
584 251 709 282 Asiatie
725 252 894 283 Hercules.

267 298 325 326 363
349 301 521 325 MONSTRO
544 301 610 324 XIV
634 293 705 332 256.
752 294 936 325 Gronovius
958 304 1001 325 on
1024 294 1101 326 Sen.
1124 294 1166 326 de
1188 295 1261 326 ben.
1287 302 1326 326 lv
1343 296 1382 326 28

204 338 308 368 shews
336 337 407 368 that
437 337 491 368 the
516 336 607 367 word
637 336 664 367 is
694 336 887 377 technically
915 337 994 368 used
1024 337 1062 368 of
1086 336 1280 379 physicians'
1310 347 1381 379 pre-

204 380 383 421 scriptions.

267 431 369 459 QUOD
393 430 471 453 IPSE
489 429 565 452 TIBI
589 429 702 453 Possm
723 429 822 453 DARE
839 422 921 453 Hor.
941 432 993 463 ep
1014 429 1025 452 1
1047 423 1083 453 18
1103 431 1222 454 ιιι-ἰ
1239 423 1294 453 sed
1304 423 1384 454 satis

203 470 246 496 est
282 476 375 496 orare
409 466 524 501 lovem,
551 475 633 505 quae
657 465 752 505 pontt
772 469 801 496 et
828 465 945 505 ατιβνί,
970 465 1045 506 Ιόεί
1071 466 1184 503 vitam,
1218 466 1269 496 det
1291 470 1383 506 opes,·

204 518 373 548 aequum
402 507 452 538 mi
482 507 649 538 animum
674 507 758 547 ipse
781 507 939 548 parabo.
984 507 1024 539 cf.
1054 507 1110 539 the
1135 508 1322 539 distinction
1350 508 1383 538 in

204 551 317 591 Epikt.
341 560 427 581 man.
459 560 472 581 1
501 550 649 581 between
678 550 733 581 the
758 550 866 590 things
892 549 999 581 which
1019 560 1073 582 are
1096 551 1161 582 and
1191 551 1245 582 the
1275 551 1383 592 things

204 593 310 624 which
333 603 386 623 are
409 597 467 623 not
490 592 540 631 ἐφ’
563 592 644 630 ἡμῖν.
692 593 724 624 It
746 592 773 623 is
795 593 850 624 the
875 593 964 625 Stoic
985 594 1152 642 αὐτάρκεια
1169 592 1242 624 Sen.
1267 603 1317 634 ep.
1344 603 1381 633 27

203 638 220 673 ξ
251 645 268 675 3
299 635 435 676 alzqztod
454 635 563 676 potius
592 635 710 666 bonum
740 645 933 666 mansurum
963 635 1170 676 cinumspice.
1233 636 1380 666 nullum

204 684 330 709 autem
352 683 420 716 est,
440 678 515 709 nisi
534 678 639 719 quod
658 678 807 709 animus
828 688 872 709 ex
895 688 933 709 se
955 678 1031 709 sibi
1055 678 1214 710 invenit.
1263 689 1300 717 41
1326 679 1342 716 ἓ
1368 689 1378 709 1

203 723 344 752 bonam
367 726 543 759 mentem,
570 731 685 761 quam
707 721 871 752 stultum
893 725 951 752 est
974 725 1122 762 optare,
1149 731 1233 752 cum
1255 721 1383 762 possis

203 775 222 794 a
245 769 281 795 te
297 764 513 805 inpetrare.
562 763 738 794 Markland
755 763 834 795 cites
849 763 883 794 in
899 768 1040 795 contrast
1057 774 1073 795 2
1091 764 1168 795 Cor.
1184 773 1202 804 3
1220 772 1248 803 5.
1298 763 1381 794 Phil.

204 817 221 837 α
244 817 255 838 1
285 831 290 837 .

263 817 402 880 ιΞΕΜΙΤΑ
432 849 584 890 properly
608 859 627 879 a
653 859 779 880 narrow
809 848 900 880 track
928 849 1065 880 Phaedr.
1096 856 1139 880 ΙΙΙ
1161 848 1245 890 prol.
1272 850 1310 889 38
1332 859 1384 888 ega

203 893 296 923 illius
316 897 378 932 pro
407 893 545 923 semita
564 891 633 932 feci
661 893 759 924 viam.
809 892 907 923 Mart.
938 900 993 922 V11
1017 892 1054 922 61
1088 904 1107 930 4
1137 896 1167 922 et
1195 892 1283 922 modo
1305 902 1384 932 quac

193 935 311 976 fuerat
333 934 481 970 semita,
488 935 581 974 sacta
603 934 666 965 via
688 939 741 965 est.
787 934 887 966 Often
908 934 989 966 used
1011 934 1378 976 metaphorically'Hor.

202 989 254 1018 ep.
272 985 284 1008 1
305 980 341 1009 18
362 978 578 1017 103sallentz's
593 979 735 1008 semita
750 977 869 1008 vitae.

268 1023 325 1051 365
341 1023 398 1051 366
415 1020 469 1051 the
485 1030 573 1050 same
588 1030 695 1051 verses
710 1027 777 1050 le
794 1028 853 1059 315
872 1018 933 1060 316
948 1030 981 1051 n.

267 1070 425 1093 NULLUM
448 1070 584 1094 NUMEN
608 1070 725 1093 HABES
746 1062 808 1094 Ov.
828 1063 850 1093 f.
867 1069 907 1092 v1
924 1071 981 1102 241
1000 1063 1096 1093 filans
1132 1073 1230 1102 noque
1245 1073 1382 1093 numen

201 1106 333 1137 habet.
380 1115 480 1136 amor.
509 1113 552 1136 111
578 1114 597 1146 9
626 1105 663 1135 18
686 1110 765 1136 sunt
793 1106 899 1143 ctiam,
929 1105 988 1145 qui
1015 1115 1072 1136 nos
1116 1103 1219 1146 poets)
1245 1115 1382 1135 numen

202 1148 346 1179 habere
362 1152 486 1189 putent.
536 1148 643 1187 [Seu-J
668 1148 742 1179 Oet.
768 1157 828 1189 933
851 1147 999 1178 nullum
1016 1148 1121 1188 pietas
1140 1158 1228 1179 nunc
1245 1158 1382 1178 numen

202 1191 331 1222 habet.

267 1241 396 1270 HABES,
417 1242 447 1264 SI
465 1241 521 1264 sn*
540 1243 599 1274 339
616 1244 646 1264 n.

267 1284 483 1307 PRUDENTIA
505 1276 581 1307 Sen.
602 1286 651 1316 ep.
676 1276 714 1314 85
735 1286 761 1307 e.
773 1286 804 1316 g.
826 1277 843 1314 ἓ
865 1284 881 1306 2
898 1276 1068 1316 prudens
1083 1275 1188 1307 beatus
1202 1280 1244 1306 est
1257 1280 1287 1306 et
1301 1286 1384 1317 pru-

203 1319 338 1349 dentia
351 1318 398 1348 ad
410 1319 532 1350 beatam
547 1319 648 1349 vitam
664 1319 742 1349 satis
756 1323 806 1349 est.
854 1320 889 1357 ἕξ
906 1318 1018 1358 36—8.

266 1364 324 1391 366
341 1369 411 1392 X111
436 1362 474 1392 18
494 1371 524 1392 n.
548 1371 598 1392 20.
645 1361 767 1392 Preller
789 1363 870 1392 riim.
895 1359 1016 1402 Myth.1
1040 1359 1196 1401 552—64.
1244 1361 1383 1391 Philem.

203 1404 235 1434 in
257 1404 362 1435 Clem.
383 1404 438 1434 Al.
461 1408 516 1434 str.
536 1412 560 1434 V
575 1405 592 1442 ἕ
611 1413 669 1445 1²9
687 1404 740 1434 οὐκ
757 1405 842 1434 ἔστιν
856 1403 928 1441 ἡμῖν
944 1405 1067 1441 οὐδεμία
1079 1405 1161 1442 τύχη
1177 1403 1253 1435 θεός.
1300 1403 1383 1434 Plin.

204 1454 230 1476 11
254 1447 270 1484 ἕ
303 1456 341 1477 22
365 1446 521 1477 invenit
528 1471 602 1477 ......
609 1446 684 1478 sibi
709 1446 794 1487 ipsa
819 1446 1046 1477 mortalitas
1076 1456 1215 1477 numen
1221 1471 1296 1478 ......
1302 1450 1385 1476 toto

203 1489 350 1530 quippe
387 1489 528 1520 mundo
563 1493 599 1519 et
632 1489 812 1519 omnibus
844 1489 947 1519 locis
981 1489 1242 1530 omnibusque
1278 1488 1385 1519 horis

204 1532 373 1562 omnium
417 1532 580 1563 vocibus
617 1532 791 1562 Fortuna
828 1532 911 1562 sola
947 1531 1151 1562 invocatur
1186 1541 1230 1562 ac
1265 1531 1383 1562 nomi-

202 1578 344 1612 natur„
381 1575 553 1615 ...adeoque
580 1574 731 1604 obrem-iae
756 1584 870 1604 sumus
898 1574 1002 1612 sortis,
1030 1579 1070 1605 ut
1099 1584 1182 1605 sors
1205 1573 1290 1614 ipsa
1313 1583 1384 1614 pro

203 1617 249 1648 de
260 1627 279 1647 0
295 1617 357 1654 sit,
375 1627 438 1658 qua
454 1617 530 1648 deus
537 1617 701 1658 probatur
714 1616 862 1647 incertus.
