1444 2413
181 160 226 184 22
732 145 792 183 XI

176 230 322 269 mentio
353 244 436 279 nec,
466 230 591 281 prima
619 230 650 269 si
677 231 765 269 luce
793 243 945 280 egressa
972 229 1109 269 reverti

175 303 291 334 nocte
320 297 429 343 solet,
460 295 577 334 tacito
605 295 724 334 bilem
753 295 822 333 tibi
850 295 1052 333 contrahat
1079 306 1185 342 uxor,

175 359 309 398 umida
337 360 524 410 suspectis
552 361 719 398 referens
747 359 920 397 multicia
947 358 1048 409 rugis

174 430 408 473 vexatasque
438 436 569 462 comas
597 430 635 462 et
662 423 811 460 vultum
841 435 1052 471 auremque
1081 422 1282 460 calentem.

174 487 349 536 protinus
369 495 459 526 ante
478 501 609 526 meum
629 487 819 537 quidquid
841 488 945 526 dolet
966 499 1062 525 exue
1082 486 1211 533 limen,
1283 498 1354 535 190

173 564 276 600 pone
305 552 467 590 domum
496 559 534 590 et
563 565 691 591 servos
720 560 758 590 et
786 551 978 601 quidquid
1006 550 1191 599 frangitur
1217 550 1291 588 illis

174 623 241 654 aut
269 616 378 665 perit,
409 616 577 666 ingratos
606 625 696 656 ante
725 617 856 656 onmia
883 629 988 666 pone
1016 616 1179 654 sodales.

172 678 320 718 interea
349 681 629 730 Megalesiacae
657 682 877 731 spectacula
904 693 1067 730 mappae

173 744 338 782 Idaeum
367 747 555 784 sollemne
584 747 730 792 colunt,
761 745 972 795 similisque
1002 745 1198 794 triumpho

172 808 316 856 praeda
344 809 581 846 caballorum
609 817 762 858 praetor
790 809 899 846 sedet
927 821 983 855 ac,
1014 807 1108 845 mihi
1137 820 1232 857 pace
1282 818 1352 857 195

173 870 385 909 immensae
414 871 633 921 nimiaeque
662 872 752 910 licet
780 872 812 910 si
841 872 969 911 dicere
998 872 1136 922 plebis,

172 941 294 973 totam
323 935 441 973 hodie
470 937 639 974 Romam
669 935 791 973 circus
820 935 922 984 capit
951 943 988 974 et
1018 937 1143 985 fragor
1170 948 1302 973 aurem

171 999 347 1048 percutit,
379 1006 560 1037 eventum
588 999 718 1037 viridis
747 1012 826 1048 quo
855 999 995 1049 colligo
1024 999 1154 1049 panni.

173 1075 264 1100 nam
293 1062 324 1101 si
353 1063 548 1108 deficeret,
579 1071 767 1101 maestam
796 1064 1079 1113 attonitamque
1106 1064 1257 1102 videres

172 1127 273 1164 hanc
299 1128 447 1174 urbem,
478 1127 596 1165 veluti
626 1129 849 1166 Cannarum
878 1128 915 1165 in
946 1129 1102 1177 pulvere
1131 1127 1239 1166 victis
1280 1141 1353 1166 200

172 1191 407 1229 consulibus
466 1199 642 1240 spectent
661 1192 832 1239 iuvenes,
853 1205 950 1241 quos
970 1194 1116 1231 clamor
1135 1200 1173 1231 et
1191 1194 1319 1232 audax

173 1253 342 1304 sponsio,
375 1267 472 1303 quos
501 1255 628 1292 cultae
657 1256 770 1293 decet
799 1255 997 1293 adsedisse
1025 1257 1177 1304 puellae
1185 1270 1196 1303 3

172 1326 302 1356 nostra
329 1317 435 1356 bibat
463 1331 622 1356 vernum
651 1326 849 1357 contracta
877 1319 1046 1357 cuticula
1073 1320 1196 1358 solem

173 1382 405 1432 effugiatque
435 1390 575 1432 togam.
633 1382 711 1421 iam
739 1397 844 1421 nunc
873 1383 912 1421 in
941 1384 1080 1422 balnea
1107 1385 1212 1422 salva

172 1447 297 1485 fronte
316 1446 406 1485 licet
425 1447 555 1493 vadas,
578 1460 815 1496 quamquam
835 1447 959 1486 solida
978 1449 1074 1486 hora
1093 1447 1256 1497 supersit
1278 1461 1325 1486 20
1331 1459 1350 1498 5

172 1511 223 1549 ad
251 1518 408 1549 sextam.
465 1512 590 1550 facere
618 1512 693 1550 hoc
721 1525 800 1550 non
828 1511 952 1561 possis
981 1511 1153 1561 quinque
1181 1511 1317 1552 diebus

170 1573 375 1621 continuis,
407 1574 498 1623 quia
526 1582 614 1613 sunt
642 1575 726 1613 talis
747 1588 901 1624 quoque
930 1576 1058 1614 taedia
1085 1575 1186 1615 vitae

171 1651 330 1688 magna3
357 1640 573 1689 voluptates
602 1640 850 1678 commendat
878 1640 996 1679 rarior
1022 1653 1124 1679 usus.

237 1767 295 1807 187
322 1766 424 1798 *acito
441 1767 473 1798 P
489 1766 494 1808 Ι
512 1767 609 1798 vilem
631 1768 690 1799 PS
709 1766 714 1808 Ι
739 1775 795 1810 197
823 1778 930 1799 *urem
947 1766 1004 1809 Pl
1028 1776 1086 1810 199
1109 1767 1260 1799 defecerit
1281 1767 1333 1808 P}

169 1830 230 1852 202
253 1820 411 1852 acsedisse
431 1820 485 1862 Pl
507 1831 565 1861 ²03
590 1821 676 1853 vivat
697 1819 749 1863 P}
771 1830 831 1860 205
853 1832 1015 1863 quamque
1031 1821 1083 1863 ΡΙ
1105 1823 1165 1854 208
1183 1822 1286 1853 sax-ior
1300 1824 1350 1854 P:

169 1875 276 1918 parior
289 1876 317 1905 S
