1429 2428
663 138 700 174 X
1255 152 1272 187 7
1289 126 1297 155 ²

90 220 263 260 transilit.
320 220 503 270 opposuit
531 228 668 260 natura
696 223 916 272 Alpemque
945 223 1169 274 nivemque:

88 285 240 325 diducit
268 286 452 334 scopulos
482 292 520 324 et
547 293 722 324 montem
751 287 911 338 19131),ἰὲ-
913 296 1045 334 Q·

89 349 167 388 iam
195 356 302 398 tepet
331 348 484 386 Italiam
493 362 503 396 ;
531 356 661 388 tamen
691 351 790 388 ultra
818 364 976 401 pergere
1004 353 1141 391 tendit.

91 390 268 449 ‘Actiiin’
289 409 414 460 inquit
435 410 547 449 ‘nihil
567 420 634 460 est,
657 413 729 451 nisi
751 415 885 452 Poeno
906 414 1027 453 milite
1047 424 1177 465 portas
1203 430 1270 467 155

91 473 301 524 frangimus
329 482 368 513 et
396 475 526 513 media
551 476 735 514 vexillum
765 489 871 526 pono
899 479 1146 540 Suburaffl„

91 551 117 577 o
145 538 269 587 qualis
297 538 414 576 facies
444 546 482 578 et
509 539 614 588 quali
643 540 761 590 digna
789 542 943 589 tabella,
1090 514 1162 553 ss

89 614 181 639 cum
210 602 377 651 Gana
404 601 547 640 ducem
575 610 744 652 portaret
772 604 889 658 belua
916 605 1065 643 luscum
1077 608 1095 644 Ξ,
1112 642 1134 644 ,ἶ
1201 622 1204 626 ’

90 664 214 704 exitus
243 677 333 715 ergo
361 665 447 714 quis
476 667 558 703 est?
585 679 609 704 o
637 666 774 716 gloria!
803 667 966 706 vincitur
993 668 1096 707 idem

91 742 234 780 nempe
271 737 309 768 et
345 730 385 768 in
415 730 573 768 exilium
603 744 789 786 praeceps
817 732 913 782 fugit
940 741 1058 782 atque
1087 732 1139 772 ibi
1168 747 1269 783 mag-

195 805 268 831 nus
1201 799 1271 834 160

89 855 364 906 mirandusque
391 855 512 895 cliens
541 857 651 896 sedet
680 857 729 896 ad
758 857 948 907 praetoria
974 858 1119 909 regis,

89 920 218 960 donec
246 919 415 969 Bithyno
443 920 561 958 libeat
589 919 744 969 vigilare
773 928 946 970 tyranno.

88 978 206 1022 finem
234 982 396 1030 animae,
426 995 526 1032 quae
554 995 614 1021 res
642 984 830 1022 humanas
858 983 1013 1022 miscuit
1041 983 1144 1030 olim,

89 1061 169 1087 non
196 1047 325 1098 gladii,
356 1060 437 1086 non
467 1060 557 1086 saxa
585 1048 746 1095 dabunt,
776 1060 850 1086 nec
879 1049 966 1094 tela,
997 1049 1067 1087 sed
1096 1049 1159 1087 ille

90 1112 313 1151 Cannarum
340 1111 485 1150 vindex
513 1119 552 1150 et
582 1111 678 1150 tanti
707 1111 903 1162 sanguinis
932 1114 1033 1151 ultor
1198 1116 1266 1162 165

88 1177 236 1226 anulus.
295 1175 308 1214 i
336 1176 498 1215 demens
528 1183 565 1214 et
594 1189 727 1214 saevas
755 1188 862 1214 curre
891 1189 958 1225 per
985 1177 1118 1226 Alpes,

87 1246 129 1278 ut
157 1239 285 1289 pueris
313 1240 469 1289 placeas
498 1247 536 1277 et
564 1239 797 1286 declamatio
826 1240 895 1277 fias
906 1242 948 1278 ll

87 1315 186 1340 unus
214 1303 372 1340 Pellaeo
399 1302 530 1341 iuveni
559 1315 638 1341 non
666 1302 806 1341 sufficit
834 1302 948 1350 orbis,

85 1373 237 1405 aestuat
265 1366 397 1405 infelix
424 1373 588 1416 angusto
617 1365 737 1404 limite
765 1365 911 1413 mundi,

88 1437 128 1468 ut
157 1428 274 1479 Gyari
301 1429 454 1467 clausus
483 1428 653 1478 scopulis
681 1441 876 1478 parvaque
905 1428 1086 1479 Seripho:
1194 1442 1265 1478 170

85 1506 176 1532 cum
203 1499 335 1531 tamen
362 1505 386 1531 a
412 1492 538 1549 figulis
566 1492 756 1531 munitam
784 1492 979 1531 intraverit
1008 1494 1153 1540 urbem,

84 1557 324 1607 sarcophago
351 1563 558 1595 contentus
585 1556 666 1595 erit.
723 1569 827 1595 mors
856 1557 938 1595 sola
963 1557 1114 1600 fatetur,

84 1622 272 1671 quantula
298 1620 374 1660 sint
401 1620 608 1659 hominum
636 1621 875 1670 corpuscula.
933 1621 1100 1659 creditur
1127 1620 1221 1660 olim

84 1685 294 1724 velificatus
321 1686 447 1725 Athos
474 1693 513 1725 et
540 1685 732 1736 quidquid
761 1685 923 1724 Graecia
950 1686 1117 1724 mendax

84 1749 202 1787 audet
229 1748 269 1787 in
296 1749 464 1796 historia,
494 1757 733 1788 constratum
761 1749 946 1787 classibus
975 1748 1098 1787 isdem
1192 1760 1262 1799 175

83 1811 406 1862 suppositumque
433 1812 527 1855 mtis
555 1812 725 1851 solidum
753 1824 870 1858 mare,
899 1812 1219 1851 credimusaltos

83 1876 271 1915 defecisse
289 1889 424 1915 amnes
453 1884 647 1927 epotaque
675 1875 836 1914 flumina
864 1875 988 1914 Medo

82 1941 309 1989 prandente,
339 1947 378 1979 et
405 1941 573 1980 madidis
601 1947 731 1979 cantat
759 1952 859 1989 quae
887 1940 1078 1978 Sostratus
1106 1938 1184 1989 alis.

83 2003 148 2042 ille
175 2011 307 2043 tamen
334 2003 457 2054 qualis
485 2005 599 2044 rediit
627 2004 821 2043 Salamine
849 2003 993 2049 relicta,

150 2097 206 2128 155
230 2088 343 2131 inquid
369 2090 420 2122 P:
449 2090 554 2132 inquit
572 2088 622 2131 p}
647 2088 705 2122 166
728 2090 738 2120 i
761 2100 822 2121 om.
850 2086 905 2130 Pl
928 2096 986 2129 170
1007 2098 1104 2129 gyare
1127 2087 1178 2130 P}
1203 2097 1260 2129 175

82 2147 282 2174 contractum
303 2144 355 2175 P:
376 2149 573 2176 constratum
590 2149 643 2186 pw
