1444 2413
137 154 158 189 8
706 152 743 189 X

78 276 79 280 ,
135 238 174 276 in
204 238 350 276 Corum
379 244 493 286 atque
524 239 669 276 Eurum
698 237 833 276 solitus
861 236 1005 276 saevire
1034 236 1191 288 flagellis
1241 238 1313 275 180

135 304 319 364 barbarus
348 302 487 341 Aeolio
515 315 730 357 numquam
757 303 834 341 hoc
862 303 901 340 in
930 315 1082 341 carcere
1110 314 1256 352 passos,

136 366 263 416 ipsum
292 366 536 416 conpedibus
565 366 631 415 qui
660 366 831 405 vinxerat
858 365 1201 416 Ennosigaeum—

137 430 267 481 mitius
295 430 337 484 id
365 443 468 478 sane,
499 432 605 480 quod
633 443 714 469 non
743 438 781 469 et
810 431 988 480 stigmate
1017 430 1176 480 dignum

137 495 311 534 credidit.
368 495 458 532 huic
487 495 692 545 quisquam
720 497 835 534 vellet
864 495 1003 533 servire
1032 495 1192 533 deorum
1204 496 1265 531 !—

137 560 208 598 sed
236 559 358 609 qualis
386 559 522 599 rediit?
550 573 693 610 nempe
721 573 800 598 una
827 573 937 607 nave,
967 558 1134 598 cruentis
1245 559 1310 607 185

137 624 317 662 fluctibus
345 637 390 662 ac
419 625 528 663 tarda
555 637 625 674 per
653 626 774 663 densa
802 626 989 663 cadavera
1016 636 1138 673 prora.

137 690 207 727 has
235 689 379 727 totiens
408 696 541 738 optata
571 688 697 739 exegit
725 689 845 738 gloria
873 691 1037 738 poenas!

110 732 130 838 Ι
194 754 275 790 ‘Da
302 751 469 801 spatium
497 752 610 799 vitae,
641 753 783 790 multos
812 753 874 799 da,
906 751 1091 801 Iuppiter,
1121 752 1277 789 annos!’

138 818 215 856 hoc
242 818 498 865 rectovvultu,
528 818 653 855 solum
682 817 758 854 hoc
787 824 825 855 et
853 816 1019 866 pallidus
1048 823 1167 865 optas

140 883 210 922 sed
238 895 355 932 quam
383 881 578 920 continuis
607 889 645 920 et
673 882 827 931 quantis
855 883 973 930 longa
1001 888 1179 919 senectus
1228 875 1326 932 roo·

139 945 256 994 plena
274 943 403 997 mglis!
429 945 643 982 deformem
664 951 702 982 et
722 951 885 982 taetrum
905 951 993 982 ante
1014 943 1145 982 omnia
1163 943 1309 981 vultum

141 1007 446 1056 dissimilemque
475 1007 545 1054 sui,
576 1008 790 1046 deformem
818 1020 888 1057 pro
917 1015 1005 1045 cute
1033 1008 1176 1057 pellem

139 1071 424 1121 pendentisque
452 1084 570 1120 genas
599 1079 637 1109 et
665 1072 751 1110 talis
779 1072 907 1121 aspice
936 1085 1057 1122 rugas,

141 1137 286 1186 quales,
316 1135 543 1174 umbriferos
571 1136 638 1174 ubi
665 1136 802 1185 pandit
829 1137 1034 1174 Thabraca
1062 1136 1191 1183 saltus,

141 1200 181 1239 in
208 1200 338 1238 vetula
366 1199 502 1248 scalpit
530 1199 607 1237 iam
635 1206 758 1238 mater
786 1199 896 1237 simia
923 1200 1056 1238 bucca.
1251 1209 1320 1247 195

141 1264 306 1315 plurima
333 1271 421 1302 sunt
449 1263 632 1301 iuvenum
661 1263 893 1310 discrimina,
923 1263 1120 1313 pulchrior
1146 1262 1210 1301 ille

141 1330 229 1375 hoc,
259 1335 376 1378 atque
404 1328 468 1366 ille
497 1328 584 1376 alio,
615 1330 780 1366 multum
808 1328 872 1366 hic
899 1327 1091 1367 robustior
1114 1327 1203 1365 illo:

141 1407 220 1433 una
248 1407 385 1432 senum
414 1394 543 1441 facies,
574 1406 662 1431 cum
690 1406 786 1432 voce
814 1393 1019 1431 trementia
1045 1393 1220 1431 membra
1282 1426 1317 1437 J

143 1465 182 1497 et
209 1458 286 1496 iam
313 1459 397 1497 leve
426 1465 541 1507 caput
569 1457 793 1507 madidique
822 1457 982 1495 infantia
1009 1455 1104 1502 nasi,

142 1523 377 1572 frangendus
405 1522 546 1560 misero
574 1521 728 1571 gingiva
755 1521 866 1571 panis
894 1520 1040 1559 inermi.
1250 1532 1323 1556 200

143 1598 267 1636 usque
295 1587 396 1624 adeo
424 1586 547 1635 gravis
575 1585 685 1624 uxori
713 1586 893 1634 natisque
922 1585 1084 1634 sibique,

145 1657 188 1688 ut
216 1649 402 1700 captatori
430 1656 586 1688 moveat
613 1648 767 1688 fastidia
795 1651 931 1689 Cosso.

145 1725 224 1751 non
255 1714 393 1752 eadem
422 1713 501 1751 vini
528 1721 646 1762 atque
674 1712 751 1751 cibi
778 1719 956 1762 torpente
984 1713 1115 1761 palato

142 1777 294 1828 gaudia.
404 1807 412 1814 .
525 1807 532 1815 .
641 1806 650 1814 .
762 1807 769 1815 .
880 1806 888 1813 .
998 1805 1005 1812 .
1252 1787 1327 1820 204

832 1840 963 1890 aspice
992 1839 1110 1889 partis

213 1995 272 2026 180
294 1994 428 2026 chorum
450 1995 532 2025 1³5oe
551 1992 692 2034 {servire
716 1994 767 2025 P:
795 1970 917 2025 sae-vire
939 1991 1013 2035 pm}
1038 1994 1095 2032 183
1119 1992 1221 2034 quid?
1259 1991 1327 2022 We-

145 2050 198 2080 her
217 2049 319 2080 anim.
342 2053 376 2089 p.
406 2047 444 2079 16
465 2059 509 2089 sq.
532 2048 651 2088 Jahn:
680 2048 766 2089 quod
791 2046 868 2089 ΡωΙ
893 2049 950 2089 189
973 2047 1166 2078 hoc**recto
1191 2043 1245 2086 ΡΙ
1269 2054 1329 2087 199

145 2103 340 2144 madidaque
352 2103 402 2134 P:
424 2102 611 2142 madidique
619 2107 672 2143 pw
691 2101 696 2143 Ι
717 2111 776 2133 202
800 2101 922 2143 captori
938 2105 1090 2133 moveant
1105 2101 1156 2131 P:
1171 2098 1327 2141 captatori

145 2161 273 2188 moveat
283 2161 334 2198 pm
