1454 2413
191 155 262 192 132
630 144 691 181 XI
746 142 928 180 111—121

185 234 327 265 tribunis
341 245 371 265 se
385 234 422 264 in
439 244 523 265 nova
538 234 603 270 via,
620 234 675 265 ubi
689 245 776 265 nunc
790 234 937 265 sacellum
953 238 997 266 est
1009 239 1109 276 supra
1123 234 1226 267 aedem
1249 235 1363 274 Vestae,

186 287 318 308 vocem
341 278 468 308 noctis
492 277 654 308 silentio
676 277 832 308 audisse
862 278 1068 309 clariorem
1092 278 1266 316 humana,
1291 289 1372 320 qnae

187 320 424 360 magistratibus
439 320 504 350 dici
523 320 647 357 inheret,
677 321 782 350 Gallos
802 320 983 351 adventare.
1032 320 1126 351 After
1142 321 1196 352 the
1216 330 1365 362 recovery

186 362 224 393 of
243 363 297 393 the
320 362 384 402 city
406 362 450 393 ib.
470 372 509 401 50
531 363 547 399 ξ
565 371 581 401 5
605 363 780 402 expiandae
792 363 888 393 etiam
912 362 1020 394 vocis
1042 368 1267 399 nocturnae,
1290 374 1370 404 quae

186 405 307 435 nuntia
323 405 420 435 cladis
435 409 507 435 ante
523 405 634 435 bellum
651 405 811 435 Gallicum
827 405 939 435 andita
955 405 1150 446 neglectaque
1159 410 1242 442 esset,
1255 407 1371 438 menlio

188 448 292 482 illam,
310 448 495 488 iussumque
509 448 661 487 templum
680 448 717 478 in
739 459 820 478 nova
842 448 895 478 via
920 448 985 478 Aio
1006 448 1133 479 Locutio
1149 449 1236 489 fieri.
1286 449 1369 480 Aius

188 490 341 521 Locutlus
367 490 433 521 like
459 490 532 520 Dea
555 490 651 528 Diva,
686 491 784 521 Anna
809 490 964 528 Perenna,
995 490 1076 522 Fors
1102 491 1256 529 Fortuna,
1286 491 1369 523 Vica

187 533 277 563 Pota.

249 578 309 605 112
332 583 474 606 AUDITA
489 579 548 606 est.

249 621 307 648 113
331 626 464 648 LITORE
487 626 531 648 ΑΒ
555 625 691 648 OCEANI
716 618 787 648 Liv.
804 626 829 649 v
846 627 883 658 37
901 619 917 656 ξ
935 628 952 648 2
975 617 1139 649 invisitato
1161 622 1255 660 atque
1272 619 1367 650 inau-

184 661 247 691 dito
262 661 346 690 lzosle
360 661 406 691 ab
423 661 552 692 Ocean
561 671 580 691 o
595 666 817 701 serrarumque
832 662 957 691 ultimis
971 662 1034 692 oris
1049 661 1162 692 bellum
1177 662 1282 692 ciente.

250 707 310 733 114
332 711 392 733 HIS
416 704 476 734 hae
493 714 571 734 voce
587 709 616 734 et
634 704 817 734 huiusmodi
834 704 932 743 signis
949 705 1112 734 MADVIG.

250 754 400 776 MONUIT
422 747 492 776 Liv.
511 754 534 776 V
550 757 589 786 3²
606 748 622 784 ἓ
641 755 656 786 7
674 757 771 787 neque
785 747 913 777 deorum
928 747 1017 777 modo
1032 746 1183 777 monita
1198 746 1368 788 ingruente

175 788 250 829 faio
265 793 376 829 sprela.

248 835 306 862 116
331 839 485 862 F1CT1L1s
506 841 563 872 109
579 842 612 861 n.
640 830 698 862 126
714 842 746 861 n.
773 839 815 862 111
837 831 895 863 168
910 842 943 861 n.
989 831 1059 862 Cic.
1083 831 1124 863 de
1146 829 1248 863 divin.
1269 830 1365 870 1316

184 875 219 903 in
234 874 369 915 fizstzgrt'o
394 874 500 904 Iovis
524 874 637 914 optimi
659 874 806 909 maximi,
837 874 894 915 qui
916 878 986 904 lum
1010 879 1081 905 erat
1102 874 1252 906 fictilis.
1288 875 1365 906 Sen-

185 923 287 947 contr.
304 926 322 957 9
339 918 356 955 ἓ
377 918 412 947 18
428 917 509 957 qnid
526 917 661 957 loqueris
682 917 898 952 Fabricios,
921 917 1005 958 quid
1020 916 1259 948 Coruncanios?
1275 922 1367 958 pom-

178 964 240 999 pae
266 960 326 990 ista
350 960 499 999 exempla,
528 960 678 990 fictiles
708 959 764 990 ubi
781 959 924 999 filerunt
948 959 1020 991 dei.
1071 960 1166 1000 Prop.
1184 967 1292 990 v=1V
1316 970 1328 991 1
1348 969 1366 1000 5

184 1013 251 1043 seq.
269 1012 331 1042 e.g.
354 1002 555 1033 fictilibus
576 1013 697 1032 crevere
710 1002 774 1032 dcis
787 1003 862 1032 llaec
876 1013 974 1032 aurea
989 1003 1113 1042 templa.
1164 1002 1239 1034 Sen.
1257 1012 1307 1043 ep.
1326 1013 1364 1043 31

183 1048 200 1082 ἐξ
220 1055 253 1076 11
283 1047 326 1075 ‘te
344 1055 465 1086 quoque
485 1045 620 1085 dignum
633 1045 725 1085 finge
744 1043 817 1075 deo?
851 1045 958 1086 finges
971 1049 1075 1075 autent
1091 1055 1156 1076 non
1179 1055 1281 1082 auro,
1300 1055 1366 1076 non

184 1092 335 1127 ungento:
365 1098 430 1118 non
448 1092 547 1128 potest
567 1099 604 1118 ex
627 1088 687 1118 lmc
712 1087 846 1118 materia
871 1088 975 1129 imago
997 1087 1048 1118 dei
1068 1088 1207 1128 exprimi
1229 1087 1367 1119 similis:

183 1131 281 1169 cogita
308 1131 386 1168 illos,
417 1141 489 1160 cum
511 1130 652 1171 propitii
673 1135 781 1169 essent,
808 1130 957 1161 fictiles
974 1130 1089 1171 ficisse.
1139 1130 1222 1161 Plin.
1248 1138 1367 1161 XXXIV

184 1177 200 1210 ᾗ
218 1184 256 1213 34
282 1173 388 1214 lignea
411 1174 518 1214 potius
547 1177 606 1203 aut
632 1173 778 1204 fictilia
807 1173 935 1203 deorum
964 1173 1140 1203 simulacra
1168 1173 1205 1203 in
1229 1173 1368 1204 delubris

183 1216 286 1246 dicata
311 1227 407 1257 nsque
428 1216 473 1246 ad
492 1216 643 1246 devictam
667 1217 791 1252 Asiam,
813 1216 896 1246 unde
914 1216 1059 1246 luxuria.
1108 1217 1240 1254 XXXV§
1262 1224 1272 1245 ῐ
1279 1224 1317 1256 57
1334 1215 1372 1247 of

184 1259 237 1289 the
262 1259 446 1300 Capitoline
471 1259 617 1299 Iuppiter
639 1259 809 1289 dedicated
831 1259 875 1298 by
895 1258 1089 1300 Tarquinius
1116 1258 1242 1290 Priscus
1266 1258 1367 1289 ficti-

184 1302 256 1332 lem
278 1312 350 1332 cum
367 1301 569 1342 fitisse...nec
588 1302 729 1342 paenitet
752 1312 808 1332 nos
833 1301 963 1331 illorum
987 1301 1045 1342 qni
1066 1302 1142 1332 tales
1166 1312 1214 1332 eos
1236 1301 1363 1339 coluere,

183 1355 228 1374 au
239 1355 318 1374 rum
339 1345 424 1374 enim
441 1349 469 1374 et
483 1349 651 1384 argentum
669 1355 708 1374 ηε
720 1344 769 1374 ciis
784 1344 911 1384 quidem
927 1344 1137 1384 conficiebant.

246 1394 425 1417 VJOLATUS
450 1395 493 1417 111
519 1397 558 1417 20
574 1397 606 1417 n.
652 1387 731 1417 Luc.
750 1395 789 1417 lx
807 1395 970 1428 519—521
997 1387 1033 1417 of
1052 1386 1200 1427 Iuppiter
1221 1386 1365 1418 Ammon

174 1435 303 1470 pauper
316 1430 420 1459 adhuc
434 1430 509 1459 deus
523 1434 574 1467 est,
603 1430 705 1459 nullis
729 1429 878 1460 violata
897 1435 956 1469 per
975 1440 1088 1460 aevum
1109 1428 1113 1470 Ι
1131 1429 1257 1460 divitiis
1276 1429 1362 1460 delu-

182 1473 239 1502 bra
269 1477 384 1510 tenens,
416 1483 602 1513 morumque
619 1473 771 1512 priorum
793 1470 797 1513 Ι
817 1482 938 1502 numen
969 1472 1149 1503 Romano
1178 1472 1365 1514 templum

181 1514 361 1546 defendit
384 1515 430 1545 ab
453 1525 558 1545 auro.

244 1561 302 1588 117
333 1565 429 1588 nom
456 1565 571 1588 NATAs
594 1561 652 1588 not
675 1557 730 1588 the
756 1556 880 1597 foreign
905 1557 1003 1588 citrus
1029 1565 1042 1588 1
1072 1565 1130 1597 137
1146 1567 1180 1588 n.
1225 1556 1279 1589 On
1305 1557 1364 1588 im-

180 1601 295 1641 ported
320 1600 434 1640 luxury
460 1611 512 1631 see
540 1608 582 1630 111
610 1599 734 1639 60—85
760 1610 790 1630 n.
839 1608 878 1630 VI
909 1599 1074 1639 286-305
1100 1610 1166 1641 esp.
1197 1601 1366 1641 298—300

180 1644 286 1684 prima
302 1642 530 1683 peregrinos
546 1643 670 1673 obscena
686 1643 824 1683 pecunia
840 1653 939 1673 mores
959 1641 963 1683 Ι
982 1642 1104 1678 intulit,
1120 1647 1149 1672 et
1161 1643 1252 1683 turpi
1259 1642 1363 1684 frege-

180 1690 262 1716 runt
288 1687 411 1716 saecula
441 1687 524 1716 luxu
542 1686 545 1725 Ι
566 1686 695 1716 divitiae
725 1686 837 1716 molles.
887 1693 953 1715 VIH
986 1694 1057 1725 ²²5·
1103 1692 1169 1715 xlv
1198 1686 1364 1725 179—188

179 1739 245 1768 esp.
271 1728 405 1767 187188
421 1728 629 1769 peregrina
650 1728 865 1769 ignotaque
888 1727 1000 1759 nobis
1019 1727 1025 1769 l
1044 1728 1090 1758 ad
1106 1727 1232 1759 scelus
1248 1733 1365 1769 atque

179 1771 299 1806 nefas,
324 1781 587 1811 quaecumque
610 1776 676 1806 est,
693 1775 848 1811 purpura
863 1771 960 1801 ducit.

243 1821 358 1844 NATAS
381 1814 532 1854 properly
554 1813 678 1854 applies
701 1819 734 1844 to
757 1813 811 1844 the
835 1818 926 1849 trees,
950 1813 1008 1844 but
1031 1811 1071 1844 cf.
1089 1812 1173 1844 Hor.
1196 1823 1224 1844 c.
1249 1820 1263 1844 1
1287 1821 1326 1853 27
1348 1823 1360 1844 1

178 1856 283 1887 natis
305 1857 341 1886 in
357 1867 451 1886 usum
468 1856 610 1887 laetitiae
623 1856 753 1896 scyphis.

242 1902 404 1929 120—129
427 1899 558 1939 Luxury
573 1898 607 1929 in
623 1899 776 1929 furniture
795 1898 1008 1938 now-a-days.
1055 1897 1202 1929 Venison
1217 1897 1282 1929 and
1298 1903 1362 1929 tur-

178 1942 234 1972 bot
259 1941 341 1972 have
364 1952 407 1971 no
430 1941 537 1979 relish,
563 1952 649 1972 roses
672 1941 736 1972 and
760 1941 919 1981 perfumes
940 1941 1037 1978 sfink,
1061 1941 1168 1971 unless
1184 1951 1244 1971 our
1257 1941 1361 1972 broad

178 1984 281 2015 tables
297 1983 334 2014 of
352 1984 449 2015 citrus
464 1989 527 2015 rest
544 1994 586 2014 on
602 1995 620 2014 a
636 1984 768 2024 leopard
785 1984 822 2014 of
839 1983 948 2024 ivory:
971 1983 1043 2021 this,
1063 1983 1119 2014 the
1138 1983 1269 2014 cast-off
1287 1983 1361 2014 bur-

177 2027 241 2057 ‹len
257 2026 293 2057 of
304 2027 358 2057 the
375 2032 517 2057 monster
532 2027 568 2057 of
580 2027 635 2057 the
650 2026 779 2067 tropics‚
799 2027 892 2057 alone
908 2036 968 2056 can
984 2026 1072 2057 whet
1083 2025 1183 2067 jaded
1198 2026 1341 2068 appetite
1350 2037 1361 2064 ;

176 2080 195 2100 a
210 2069 305 2100 silver
320 2069 465 2109 pedestal
482 2069 507 2100 is
523 2079 557 2100 as
573 2080 613 2100 an
629 2069 699 2100 iron
715 2069 786 2110 ring
801 2079 843 2100 on
860 2069 913 2100 the
930 2068 1040 2109 finger.

239 2115 299 2142 120
321 2121 385 2151 seq.
408 2111 443 2142 16
460 2122 493 2142 n.
538 2119 562 2141 v
577 2121 618 2153 93
635 2122 702 2153 seq.
718 2122 750 2143 n.

239 2157 298 2186 121
323 2162 499 2186 RHOMBUS
524 2162 562 2185 1v
580 2164 618 2195 39
636 2165 666 2186 1]-
